1800 2904
857 205 907 245 23

167 316 396 356 Ma‘rc'um'
433 315 701 365 supplendi
750 317 898 354 eausa
935 313 1174 360 adhibet,
1194 328 1200 349 .·
1231 313 1325 352 it'a'
1355 312 1601 351 interdum

166 381 340 419 Lucam
375 380 745 419 et·loh‘annem.·
795 377 1023 418 Omittimus
1051 377 1250 427 longiores
1279 376 1388 414 locos
1422 387 1521 425 quos
1553 386 1603 414 ex

165 443 341 491 utroque*
358 442 468 492 petit.
504 441 634 481 'Haec
662 440 740 481 duo
767 441 1006 491 gravissima
1034 450 1316 480 commemoro:

323 514 569 567 Quamquam
598 517 793 556 Iuvencus
811 515 870 555 III
889 515 966 554 636
987 526 1044 565 sq.
1071 505 1228 554 Mtthinss
1247 511 1346 551 XXI
1366 512 1392 551 8
1413 512 1603 562 sequitur,

216 583 349 619 tamen
383 581 424 619 in
456 593 492 620 v.
528 579 605 619 638
648 578 879 619 «Proxima
917 581 1014 619 tunc
1048 577 1125 618 alii
1166 575 1348 627 spoliant
1379 576 1603 626 palmeta

214 642 375 683 virore»
407 645 553 683 mentio
584 643 906 693 «palmetorum»
946 645 1085 681 exorta
1115 652 1205 680 esse
1241 639 1337 678 mihi
1365 638 1521 678 videtur
1550 651 1599 678 ex

214 706 297 746 Ioh.
325 706 403 745 XII
436 707 501 746 13:
539 708 811 756 «aeceperunt
842 704 921 744 sibi
952 717 1085 744 ramos
1111 703 1397 754 palmarum
1425 732 1435 741 .
1464 732 1474 741 .
1504 733 1513 741 .
1545 717 1602 753 .»;

170 774 173 776 “
197 772 312 809 'nam'
334 768 445 808 Mtth.
476 769 499 808 1.
527 782 558 808 6.
589 773 741 808 tantum
771 768 884 808 dicit:
923 767 1029 807 «alii
1055 769 1193 807 >autem
1220 765 1442 806 caedebant
1468 778 1602 805 ramos

215 832 262 871 de
290 831 598 871 arboribus».
655 832 718 870 Ita
745 843 900 881 quoque
929 829 1052 869 tradit
1079 831 1154 869 Mc.
1183 830 1243 869 XI
1271 830 1296 869 8
1335 829 1441 869 «alii
1469 832 1603 869 autem

212 895 377 947 frondes
404 894 624 935 caedebant
650 894 696 934 de
724 893 1024 950 arboribus«.
1079 893 1198 945 Apud
1223 894 1290 932 Lc.
1311 892 1411 932 XIX
1431 893 1481 932 36
1506 893 1603 932 nihil

214 957 322 997 aliud
354 958 498 1008 legitur
526 951 620 997 nisi:
659 957 830 997 «Eunte
864 959 1000 997 autem
1032 956 1105 996 illo
1139 956 1454 996 substernebant
1486 956 1601 995 vesti-

213 1023 350 1060 menta
376 1033 454 1061 sua
480 1020 528 1060 in
556 1020 624 1060 via
636 1036 669 1059 ».

324 1104 431 1144 Nihil
466 1104 516 1143 de
546 1116 592 1143 6ο
628 1103 734 1153 quod
762 1105 923 1143 Iuvenci
951 1115 1089 1142 versus
1117 1104 1172 1142 IV
1201 1103 1348 1154 616s17
1383 1104 1603 1142 continent:

269 1177 393 1227 «Qui
420 1177 553 1229 reyis
579 1189 746 1217 nomen
775 1178 991 1228 cuperet,
1022 1176 1108 1227 qui
1138 1175 1367 1217 Caesaris
1394 1177 1569 1217 hostem

299 1240 564 1293 Confessus
590 1253 691 1280 sese
711 1240 912 1291 proprio
940 1240 1258 1280 damnaverit
1284 1253 1373 1280 ore.
1388 1256 1428 1290 »,

200 1316 382 1356 occurrit
426 1315 534 1367 apud
568 1314 682 1354 Mtth.
714 1314 870 1355 XXVII
904 1314 968 1366 23,
1002 1327 1118 1365 quem
1155 1315 1350 1354 Iuvencus
1385 1327 1511 1365 usque
1547 1314 1601 1354 ad

212 1391 248 1418 v.
284 1379 361 1418 615
395 1379 570 1429 sequitur
611 1381 651 1418 et
692 1377 745 1418 ad
785 1390 901 1429 quem
937 1379 1071 1417 statim
1114 1379 1323 1417 revertitur
1364 1379 1404 1417 in
1449 1391 1484 1416 v.
1521 1379 1599 1417 618

214 1447 253 1482 et
281 1456 318 1493 q.
348 1455 378 1482 s.
424 1441 540 1482 Unde
570 1454 664 1492 ergo
683 1443 879 1481 Iuvencus
906 1453 1090 1481 versuum
1116 1440 1299 1493 (616s17)
1319 1445 1595 1492 argumentum

214 1506 410 1556 sumpsit?
479 1506 617 1555 Neque
661 1504 770 1556 apud
809 1505 885 1543 Mc.
927 1516 1055 1554 neque
1099 1503 1206 1555 apud
1248 1504 1331 1543 Ioh.
1374 1505 1597 1544 invenimus
1663 1515 1667 1519 ‘

214 1568 337 1607 verba
370 1579 472 1617 quae
501 1580 589 1607 cum
618 1568 789 1607 Iuvenco
824 1570 1064 1617 congruunt3
1097 1568 1130 1606 si
1165 1570 1299 1606 autem
1327 1567 1458 1606 Lucas
1494 1568 1598 1606 evol-

212 1631 327 1680 vitur,
362 1630 506 1680 legitur
539 1630 679 1668 XXIII
714 1629 758 1669 2:
796 1629 954 1670 «Hwnc
988 1629 1221 1670 invenimus
1257 1660 1265 1668 .
1294 1660 1304 1669 .
1335 1660 1342 1667 .
1374 1660 1383 1668 .
1419 1632 1457 1669 et
1483 1643 1597 1681 pro-

212 1692 455 1733 hibentem
508 1692 703 1733 tributa
734 1693 871 1733 'dari
919 1692 1123 1733 Caesari
1175 1696 1220 1733 et
1272 1693 1508 1734 dicentem
1554 1707 1600 1734 se

213 1755 462 1796 Christum
488 1769 643 1808 reqem
671 1768 823 1805 esse»,
860 1769 962 1806 quae
991 1757 1115 1796 verba
1143 1769 1165 1796 e
1193 1758 1303 1796 Luca
1331 1757 1481 1797 inserta
1509 1770 1598 1797 esse

214 1819 465 1859 manifestum
496 1825 568 1859 est.

260 1894 296 1940 c)
326 1895 512 1938 Quibus
541 1896 770 1934 omnibus
799 1896 1042 1943 exemplis
1070 1897 1194 1934 satis
1224 1896 1600 1935 demonstratur

156 1958 409 1996 iuvencum
425 1959 606 1997 certum
627 1960 983 2007 evangelistam
999 1960 1263 2008 praecipue
1278 1960 1597 2006 matthaeum,

156 2022 390 2060 carminis
418 2023 491 2060 sui
516 2022 880 2061 fundamentum
907 2024 1067 2070 sequi,
1098 2024 1348 2062 {tatamen
1374 2026 1422 2062 ut
1447 2025 1597 2063 inter-

156 2084 260 2121 dum
303 2095 360 2123 ea
402 2096 525 2134 quae
567 2086 696 2134 apud
732 2087 868 2125 Mtth.
903 2087 984 2125 aut
1019 2087 1197 2125 desunt
1238 2088 1320 2125 aut
1360 2087 1597 2126 brevibus
1677 2128 1683 2134 ,

156 2148 322 2187 verbis
350 2151 640 2195 narrantur,
670 2150 729 2188 ab
759 2151 873 2189 aliis
902 2151 1233 2199 evangelissss
1262 2152 1410 2199 petat.
1457 2151 1597 2200 Itaque

156 2210 290 2248 statim
309 2209 383 2249 hoc
402 2211 517 2250 nobis
536 2212 577 2250 in
596 2215 766 2251 mentem
786 2213 894 2251 venit
913 2213 1127 2251 Iuvencum
1159 2224 1320 2251 carmen
1348 2224 1461 2252 suum
1489 2225 1593 2253 com-

154 2274 335 2324 posuisse
370 2273 548 2314 adiutum
586 2291 603 2310 «
617 2274 834 2316 harmonia
848 2291 864 2311 »
902 2288 1005 2326 quae
1040 2275 1183 2315 dicitur
1220 2276 1597 2328 «wimodiorum».

155 2336 294 2376 Talem
322 2337 569 2377 harmoniam
598 2340 780 2389 quamvis
806 2340 1029 2391 prosaicam
1058 2343 1097 2378 et
1125 2351 1313 2389 graecam
1346 2340 1428 2379 iam
1464 2341 1597 2381 multis

157 2401 270 2440 annis
317 2402 426 2453 prius
476 2403 679 2443 exstitisse
727 2415 846 2454 quam
889 2402 1091 2442 ,Iuvencus
1133 2415 1294 2442 carmen
1337 2415 1450 2443 suum
1492 2417 1596 2444 com-

155 2468 320 2513 poneret
340 2465 528 2505 discimus
547 2477 596 2504 ex
615 2466 818 2506 Eusebii
842 2481 859 2501 «
873 2464 1046 2505 historia
1065 2465 1332 2506 ecelesia-stica
1344 2482 1361 2502 »
1384 2467 1439 2506 IV
1459 2467 1523 2518 29,
1550 2468 1593 2507 6:

159 2526 202 2562 «ὁ
219 2525 345 2575 μέντοι
361 2541 403 2576 γε
420 2528 600 2580 πρότερος
617 2527 738 2567 αὐτῶν
749 2527 821 2581 (sm
834 2531 905 2566 τῶν
914 2526 1407 2579 καλουμένωνἘγκρατέων
1418 2530 1544 2582 1V29,
1553 2530 1593 2583 2)

158 2587 324 2639 ἀρχηγὸς
354 2590 373 2627 ὁ
401 2589 582 2634 Τατιανὸς
612 2593 813 2644 συνάφειάν
843 2607 920 2630 τινα
948 2592 1011 2630 καὶ
1041 2593 1256 2643 συναγωγὴν
1290 2591 1357 2632 οὐκ
1396 2592 1464 2632 οἷδ’
1494 2594 1594 2636 ὅπως

157 2654 229 2688 τῶν
251 2651 481 2703 εὐαγγελίων
502 2655 647 2697 συνθεὶς
672 2655 713 2693 τὸ
734 2655 794 2693 διὰ
812 2656 1002 2706 τεσσάρων
1023 2657 1133 2693 τοῦτο
1154 2656 1459 2707 προςωνόμασεν,
1488 2657 1507 2695 ὃ
1534 2659 1595 2695 καὶ
