1800 2904
746 792 902 847 Caput
929 792 965 834 Ι.
1021 856 1023 858 ¹

242 886 476 937 Priusquam
504 887 764 940 disputemus,
794 887 990 939 quomodo
1018 887 1217 927 Iuvencus
1246 887 1459 938 evangelia
1485 899 1572 927 ver-

139 949 248 989 sibus
281 949 523 991 hexametris
566 953 806 1004 expresserit
845 955 884 991 et
928 950 1124 1002 quomodo
1156 951 1333 1002 Vergilio
1373 963 1469 991 usus
1510 952 1573 1004 sit,

137 1013 251 1053 nobis
291 1018 382 1054 sunt
423 1015 658 1055 tractandae
698 1016 775 1055 hae
816 1016 1071 1065 quaestiones
1112 1016 1394 1066 gravissimae,
1442 1018 1572 1054 utrum

136 1080 256 1127 poeta
289 1081 447 1118 secutus
482 1079 533 1118 sit
565 1082 722 1118 textum
751 1078 877 1119 solum
916 1090 1104 1129 graecum
1147 1091 1199 1118 an
1239 1079 1403 1118 latinum
1446 1078 1572 1118 solum

137 1143 288 1179 textum
302 1142 520 1193 inspexerit
540 1153 593 1181 an
612 1145 832 1193 utrumque.
873 1142 935 1181 Ex
949 1142 1230 1193 Hieronymi
1251 1141 1412 1192 quidem
1426 1142 1572 1193 verbis,

137 1204 203 1254 qui
234 1205 275 1242 in
306 1204 406 1244 libro
442 1204 515 1244 «de
547 1206 642 1245 viris
674 1205 915 1245 illustribus»
951 1205 1161 1245 LXXXIV
1187 1205 1304 1244 dixit:
1344 1205 1573 1246 «Iuvencus

138 1297 146 1305 .
164 1299 171 1306 .
189 1298 198 1306 .
215 1297 223 1306 .
240 1270 433 1318 quattuor
445 1268 656 1320 evanqelia
671 1268 916 1309 hexametris
931 1268 1113 1309 versibus
1131 1281 1281 1319 paene
1296 1281 1322 1309 a
1332 1269 1359 1308 d
1374 1282 1456 1308 ver
1466 1268 1571 1308 bum

138 1331 445 1383 transferens
472 1334 666 1382 quattuor
695 1332 816 1373 libros
843 1332 1097 1383 composuit»,
1127 1331 1309 1372 concludi
1336 1344 1455 1384 posse
1474 1332 1570 1371 mihi

134 1393 290 1434 videtur
330 1395 546 1435 Iuvencum
586 1397 861 1448 evangelicum
908 1408 1069 1436 carmen
1111 1408 1224 1436 suum
1267 1408 1289 1435 e
1331 1396 1416 1436 solo
1457 1400 1570 1436 textu

136 1470 280 1508 graeco
323 1459 603 1511 composuisse.
670 1461 773 1501 Nam
824 1460 1123 1512 «transfertur»
1174 1459 1325 1510 aliquid
1368 1472 1390 1499 e
1434 1460 1570 1510 lingua

98 1574 101 1576 ‚
136 1522 266 1561 aliena
294 1522 335 1561 in
362 1534 595 1576 sermonem,
624 1525 699 1574 qui'
718 1527 834 1564 notus
862 1527 924 1564 est
950 1524 1076 1564 nobis.
1123 1523 1299 1563 Rectene
1327 1524 1451 1574 igitur
1473 1522 1570 1563 dicit

134 1586 195 1624 vir
221 1585 287 1624 ille
316 1585 595 1627 doctissimus?
648 1588 771 1627 Estne
805 1588 966 1627 Iuvenci
1000 1578 1159 1627 carmen
1194 1586 1404 1626 translatio
1439 1599 1568 1638 paene

135 1647 187 1688 ad
220 1647 385 1687 verbum
422 1647 631 1690 confecta?
697 1650 827 1701 Magis
869 1649 1053 1701 equidem
1093 1650 1316 1702 putaverim
1352 1650 1568 1690 Iuvencum

134 1712 353 1751 orationem
391 1715 523 1752 textus
564 1713 677 1752 latini
718 1714 887 1753 solutam
927 1715 984 1753 ita
1025 1712 1297 1763 transtulisse,
1345 1716 1389 1752 ut
1428 1725 1569 1752 versus

133 1773 355 1814 hexametri
374 1773 524 1815 fierent.
557 1775 749 1816 Phrasem
771 1788 950 1828 «paene
969 1776 1028 1817 ad
1045 1775 1240 1817 verbum
1261 1777 1564 1829 transferre»

133 1838 231 1879 nihil
266 1838 374 1879 aliud
409 1851 497 1879 esse
530 1843 625 1892 puto
658 1841 734 1880 nisi
767 1841 991 1881 versionem
1017 1839 1201 1880 vocabuli
1229 1841 1365 1891 graeci
1396 1855 1567 1892 «παρα-

134 1903 348 1952 φράζειν»
380 1903 482 1942 sicut
508 1915 647 1943 vocem
678 1904 995 1955 «explicare»,
1031 1916 1149 1955 quam
1177 1904 1445 1956 Hieronymus
1479 1904 1569 1944 aliis

134 1964 288 2005 duobus
305 1966 404 2006 locis
423 1965 599 2019 adhibet,
629 1967 771 2018 quibus
789 1968 952 2007 Iuvenci
973 1968 1214 2007 mentionem
1234 1967 1344 2007 facit.
1390 1968 1569 2018 Utroque

133 2027 220 2067 loco
262 2028 357 2068 dicit
399 2033 536 2068 auctor
582 2029 834 2070 doctissimus
878 2030 1129 2071 «Iuvencum
1168 2061 1178 2071 .
1214 2060 1222 2069 .
1261 2063 1268 2069 .
1306 2062 1313 2070 .
1357 2030 1570 2071 historiam

134 2090 286 2131 domini
317 2092 535 2133 salvatoris
568 2092 751 2134 versibus
783 2092 1126 2146 explicasse1)».
1183 2095 1400 2135 Praeterea
1436 2094 1570 2135 obstat

133 2166 198 2194 res
231 2155 320 2206 ipsa
353 2156 421 2205 iis,
463 2157 530 2206 qui
563 2157 725 2196 luvenci
761 2169 922 2197 carmen
955 2161 1098 2209 putant
1131 2169 1221 2197 esse
1255 2158 1568 2199 translationem.

131 2217 234 2258 Nam
255 2217 488 2269 quicumque
507 2218 582 2260 hoc
603 2221 765 2261 Iuvenci
784 2233 945 2275 carmen
963 2221 1118 2272 legerit,
1146 2233 1380 2273 persuasum
1404 2220 1569 2261 habebit

131 2280 229 2321 illud
256 2282 417 2321 minime
454 2281 533 2323 dici
566 2296 685 2337 posse
718 2285 1020 2326 translationem
1053 2296 1202 2325 veram.
1258 2285 1345 2325 Etsi
1365 2276 1568 2325 'Iuvencus

132 2345 341 2385 materiam
369 2344 557 2388 traditam
585 2360 665 2388 non
692 2351 832 2400 mutat,
861 2349 936 2388 etsi
960 2360 1254 2398 nonnumquam
1274 2348 1432 2399 singula
1449 2360 1566 2389 voca—

131 2407 227 2447 bula
259 2408 324 2448 vel
357 2406 528 2449 maiores
561 2411 625 2459 vel
657 2412 830 2451 minores
865 2412 1084 2451 sententias
1119 2411 1331 2451 bibliorum
1366 2423 1566 2451 sacrorum

235 2553 261 2594 ¹)
286 2562 339 2594 ep.
361 2554 459 2587 LXX
484 2557 502 2595 5
521 2557 541 2591 5
563 2554 665 2589 vol.I
687 2565 721 2597 p.
736 2557 801 2590 430
817 2555 1109 2590 ed.Vallarsii.
1133 2575 1173 2580 —
1198 2555 1410 2598 Schoene,
1434 2557 1566 2591 Eusebi

129 2604 367 2639 chronicorum
390 2607 472 2640 libri
494 2608 572 2648 duo,
591 2608 670 2642 vol.
691 2609 722 2642 11
744 2619 778 2651 p.
804 2611 863 2644 192
886 2608 945 2650 (ad
968 2609 1019 2642 Ol.
1042 2609 1308 2650 CCLXXVIII).

1297 2666 1313 2696 1
