1800 2904
885 166 936 205 68

291 275 407 324 Verg.
437 274 493 313 VI
526 274 644 312 1-5:

318 337 414 377 «Sic
441 337 560 389 fatur
591 335 824 385 lacrimam,
854 336 1053 387 classique
1080 335 1265 376 immittit
1292 336 1484 386 habenas,

343 404 381 441 et
410 401 572 441 tandem
599 400 793 440 Euboicis
823 399 1045 441 Cumarum
1074 400 1286 441 adlabitur
1314 400 1407 440 oris.

341 465 555 505 obvertunt
577 465 722 516 pelayo
743 477 904 514 proras,
936 467 1021 504 tum
1050 464 1167 504 dente
1196 464 1328 505 tenaci

344 541 496 577 ancora
523 528 733 579 fundabat
759 527 891 577 navis,
922 531 960 568 et
989 528 1110 568 litora
1138 540 1287 568 curvae

336 595 590 643 praetexunt
610 604 794 642 puppes»
810 592 853 641 1).

185 657 388 696 Habemus
413 658 453 695 in
479 656 554 695 hoc
575 657 741 695 circuitu
761 655 852 695 duo
872 656 1088 706 τρίκωλαε
1121 657 1152 694 1.
1174 655 1245 695 sic
1264 678 1312 684 -·
1338 656 1621 705 lacrimans,

182 720 332 760 classi
360 745 406 749 -
438 719 667 770 habenas,
695 722 740 758 et
762 741 812 747 —-
840 718 962 767 oris;
990 719 1026 758 2.
1052 718 1315 759 obvertunt
1345 743 1395 749 —
1424 732 1621 770 proras,
1678 726 1687 736 ‘

184 787 283 823 tum
312 807 361 811 —
390 783 555 832 navis,
587 785 632 822 et
659 806 708 810 —
731 796 929 833 puppes,

291 847 469 893 Quocum
499 846 766 896 Vergili'loco
796 846 866 885 cfr.
897 858 946 885 ex
975 847 1147 885 Iuveneo
1176 847 1216 885 II
1245 847 1419 886 25—29:

293 926 309 945 «
324 909 610 950 Conscendunt
635 922 793 959 navem,
822 912 1015 960 ventoque
1042 909 1195 959 inflata
1224 912 1451 951 tumescunt

329 973 425 1013 Vela
452 986 537 1022 suo,
567 973 774 1024 fluctuque
801 974 913 1013 volat
938 973 1135 1013 stridente
1161 974 1320 1014 carina.

319 1037 540 1088 Postquam
569 1037 699 1076 altum
729 1037 862 1077 tenuit
881 1037 1043 1088 puppis,
1073 1049 1313 1089 consurgere
1341 1037 1388 1077 in
1416 1037 1504 1077 iras

319 1100 479 1140 Pontus
507 1103 545 1139 et
572 1100 754 1140 inmissis
783 1100 880 1141 hinc
906 1101 1004 1141 inde
1033 1103 1247 1141 tumescere
1276 1101 1408 1141 ventis

325 1164 465 1204 Instat
493 1166 532 1204 et
559 1165 613 1204 acl
639 1165 795 1205 caelum
822 1164 987 1205 rabidos
1013 1166 1224 1205 sustollere
1251 1168 1446 1205 montes».

182 1228 388 1267 Habemus
429 1228 494 1267 hic
535 1227 623 1267 duo
658 1228 863 1267 membra
907 1227 1097 1281 (κῶλα);
1141 1230 1169 1268 I.
1208 1229 1539 1269 conscendunt
1574 1252 1624 1256 -

182 1292 374 1332 carina.
405 1292 456 1330 II.
471 1293 725 1342 postquam
741 1314 790 1320 —
806 1294 1001 1341 montes,
1023 1305 1188 1342 quorum
1205 1293 1406 1332 alterum
1428 1305 1449 1331 e
1469 1293 1625 1331 tribus

182 1357 352 1395 incisis
382 1354 642 1407 (κόμματα)
673 1359 849 1395 constat:

270 1421 310 1470 a)
338 1419 675 1459 conscendunt
700 1431 858 1468 navem,

267 1483 310 1534 b)
340 1485 534 1533 ventoque
561 1482 713 1531 inflata
742 1485 1018 1522 tumescunt
1042 1483 1133 1523 vela
1160 1496 1244 1534 suo,

275 1546 313 1598 e)
343 1546 550 1596 fluctuque
577 1546 712 1586 volat
738 1546 935 1585 stridente
962 1546 1121 1595 carina,

183 1622 346 1660 quorum
377 1610 579 1648 alterum
609 1613 767 1649 constat
795 1622 816 1649 e
846 1610 1032 1649 duobus
1060 1611 1249 1649 incisis:

269 1674 310 1725 a)
334 1674 710 1724 postquamaltum
740 1674 907 1713 tenuit
927 1673 1089 1724 puppis,

268 1737 311 1789 b)
341 1750 581 1789 consurqere
609 1760 660 1765 ——
689 1740 842 1777 montes

341 1800 381 1851 α)
412 1813 705 1852 consuryere
732 1801 781 1840 in
808 1802 896 1840 iras
918 1804 1081 1851 pontus,

346 1864 384 1914 β)
415 1866 454 1903 et
479 1863 661 1903 inmissis
691 1863 786 1903 hinc
813 1864 910 1904 inde
940 1867 1199 1904 tumescere
1226 1864 1357 1904 ventis
1384 1864 1526 1913 instat,

346 1927 383 1977 γ)
415 1930 454 1966 et
481 1928 535 1966 ad
562 1928 718 1966 caelum
745 1927 909 1966 rabidos
935 1928 1198 1967 sustollere
1225 1931 1386 1967 montes.

288 1991 505 2029 Praeterea
534 1994 760 2041 spectemus
788 2002 939 2042 versus,
970 1992 1036 2040 qui
1067 1995 1283 2040 sequuntur
1312 1991 1352 2029 II
1381 1991 1557 2030 30—35:

292 2053 379 2092 «Et
404 2065 517 2093 nunc
544 2054 645 2093 mole
671 2053 773 2105 ferit
792 2053 962 2104 puppim
988 2066 1103 2093 nunc
1133 2053 1296 2093 turbine
1317 2066 1497 2104 proram,

322 2117 553 2168 Inlisosque
580 2130 701 2168 super
732 2118 906 2157 laterum
936 2117 1123 2158 tabulata
1150 2119 1359 2167 receptant

321 2182 496 2221 Fluctus
526 2182 768 2231 disiectoque
797 2181 983 2231 aperitur
1012 2184 1122 2221 terra
1143 2181 1362 2231 profundo.

323 2244 491 2284 Interea
519 2244 567 2283 in
589 2243 719 2294 puppi
747 2255 931 2283 somnum
959 2243 1150 2294 carpebat
1177 2243 1306 2283 Iesus.

322 2307 453 2347 Illum
481 2307 672 2357 discipuli
694 2307 857 2357 pariter
885 2310 1118 2357 nautaeque
1140 2310 1334 2357 paventes

322 2370 538 2421 E'viqilare
565 2373 715 2421 royant
735 2370 932 2420 pontique
954 2370 1142 2421 pericula
1170 2372 1443 2410 monstrant».

184 2433 380 2472 Circuitus
415 2434 536 2472 habet
573 2433 660 2472 duo
697 2438 938 2473 ternorum
974 2446 1197 2473 versuum
1233 2433 1458 2472 membra:
1501 2435 1530 2472 I.
1560 2433 1625 2472 Et

181 2508 316 2536 nunc
344 2519 393 2525 -—
417 2497 689 2548 profundoy·
717 2498 765 2536 ΙΙ.
797 2497 1003 2538 Interea
1031 2520 1081 2526 —-
1111 2498 1400 2537 monstrant.

290 2632 314 2672 ¹)
339 2630 479 2664 Norden
504 2632 523 2663 1.
549 2642 576 2664 c.
600 2643 633 2673 p.
661 2635 729 2667 110.
