1800 2904
907 239 954 277 13

210 357 399 386 versum
428 344 586 385 dicam
614 344 670 385 de
699 346 897 384 Iuvenci
925 346 1106 384 virtute
1134 344 1345 395 poetica.
1393 341 1643 391 Quamquam

208 409 307 449 nihil
338 409 430 447 novi
465 408 596 448 dicere
629 420 803 461 possum,
840 409 1026 459 quoniam
1060 408 1134 447 viri
1169 407 1390 447 doctissimi
1418 405 1468 453 de
1497 405 1572 445 hac
1601 417 1643 444 re

210 476 387 524 egerunt,
429 485 592 523 quorum
632 474 748 513 nemo
784 485 843 524 ea,
887 484 990 523 quae
1023 471 1229 523 Adolphus
1265 471 1453 520 Ebert1)
1495 469 1643 520 optime

208 536 603 588 praeclarissimeque
643 538 814 588 scripsit,
862 537 1075 587 superavit.
1137 536 1352 574 Iuvencum
1396 545 1475 572 non
1518 532 1643 572 solum

209 600 494 651 antiquissimis
535 600 778 652 temporibus
820 599 1058 652 christianis,
1100 599 1172 640 sed
1213 600 1334 639 etiam
1370 597 1504 637 media
1540 608 1643 647 quae

208 668 381 708 vocaturv
404 667 537 704 aetate
572 667 612 704 et
645 664 788 703 litteris
821 665 971 703 renatis
1005 676 1152 714 magna
1191 663 1428 702 auctoritate
1461 661 1643 700 floruisse

209 731 248 767 et
275 728 494 767 lectitatum
524 739 612 767 esse
640 728 756 767 inter
771 739 908 767 omnes
936 729 1104 767 constat.
1159 726 1407 776 Argumenta
1441 725 1558 764 huius
1585 725 1643 763 rei

208 794 446 830 conservata
498 790 740 841 collegerunt
763 790 1112 840 Reusohius2),
1164 787 1460 840 Arevalusss),
1512 787 1643 827 denuo

209 852 514 908 Huemerus4)
533 854 688 906 quibus
716 854 961 906 argumentis
987 853 1063 894 hoc
1090 865 1210 893 unum
1241 853 1308 894 scl.
1334 852 1420 893 XV.
1448 852 1512 893 vel
1533 852 1641 892 XVI.

209 931 380 970 appono,
409 919 514 969 quod
541 920 619 958 nisi
646 918 774 969 fallor,
803 930 918 958 nemo
942 917 1072 957 adhuc
1091 918 1424 957 commemoravit.
1471 917 1642 955 Exstant

208 983 248 1021 in
271 981 430 1034 «eleqiis
456 981 701 1023 moralibus»
723 982 911 1022 Iohannis
929 980 1228 1033 Murmellii⁵)
1249 993 1389 1021 versus
1408 981 1427 1019 I
1450 981 1483 1033 l,
1502 979 1641 1031 35s36:

400 1055 652 1107 «Composuit
676 1059 818 1096 nostra
844 1056 1057 1096 redimitus
1084 1055 1228 1107 fronde
1256 1055 1460 1094 Iuvencus

422 1119 592 1159 Sacram
619 1119 820 1171 evanqelii
846 1119 1028 1159 versibus
1055 1118 1299 1159 historiam.»

314 1195 526 1234 Iuvencum
555 1194 688 1234 media
716 1198 850 1234 aetate
878 1195 1050 1233 maxime
1078 1195 1118 1233 in
1146 1193 1293 1233 scholis
1311 1193 1533 1232 lectitatum
1553 1205 1641 1232 esse

209 1259 436 1298 testimonia
463 1258 685 1298 invenimus
713 1259 754 1298 in
782 1258 1074 1309 prolegomenis
1101 1258 1311 1297 voluminis
1330 1257 1420 1296 XII.
1471 1256 1640 1297 «Monu-

207 1324 431 1361 mentorum
460 1321 708 1362 Germaniae
727 1321 1110 1373 paedagogicorum»
1136 1334 1174 1372 p.
1193 1321 1330 1360 XVIII
1358 1324 1398 1360 et
1425 1322 1465 1359 in
1484 1320 1641 1360 Ottonis

207 1385 344 1424 Denk
379 1385 479 1425 libro
513 1386 579 1436 qui
615 1386 842 1425 inscribitur
880 1384 1134 1425 «Geschichte
1170 1385 1236 1425 des
1260 1383 1641 1437 qallofra‘nlcischen

218 1447 488 1487 Unterrichts-
529 1449 619 1488 u‘nd
657 1448 1015 1499 Bilduuysweseris
1053 1461 1131 1488 von
1173 1449 1250 1488 deii
1291 1449 1458 1493 altesteu
1497 1448 1640 1487 Zeite‘n

210 1510 270 1550 bis
305 1511 387 1563 auf
416 1510 528 1551 Karl
562 1511 637 1551 den
668 1511 838 1561 Grosse‘n,
869 1510 1025 1561 Maius,
1057 1511 1203 1551 Franz
1228 1510 1482 1561 Kirchheim,
1511 1510 1638 1561 1892,

201 1587 242 1624 p.
271 1575 394 1613 232.»

313 1648 465 1695 Quibus
485 1661 534 1687 ex
554 1648 802 1688 documentis
821 1648 1009 1688 discimus
1029 1649 1240 1688 Iuvencum
1262 1649 1506 1700 temporibus
1524 1661 1638 1700 prae-

206 1712 333 1750 teritis
376 1713 643 1751 existimatum
685 1724 773 1751 esse
816 1724 1002 1762 magnum
1042 1715 1204 1763 poetam
1245 1717 1284 1751 et
1325 1716 1636 1763 praeceptorem.

207 1773 288 1812 Sed
316 1786 434 1823 quam
464 1774 663 1814 diversum
696 1774 884 1813 iudicium
917 1787 989 1814 nos
1025 1774 1193 1814 facimus
1227 1774 1276 1814 de
1308 1776 1497 1814 Iuvenco!
1553 1775 1639 1814 Etsi

206 1837 379 1877 maxime
414 1836 639 1896 laudandus
674 1841 747 1890 est,
783 1837 888 1889 quod
921 1838 972 1878 ab
1009 1843 1242 1889 argumento
1277 1840 1365 1890 ipso
1395 1842 1532 1879 sancto
1560 1852 1640 1879 non

207 1899 372 1949 defecit,
416 1905 550 1940 tamen
591 1902 921 1952 vituperationem
963 1914 1042 1940 non
1077 1902 1237 1952 effugit,
1280 1901 1385 1952 quod
1421 1902 1639 1953 simplicem

205 1965 433 2014 rectumque
482 1963 729 2016 eundemque
777 1964 932 2005 dulcem
984 1965 1257 2017 grandemque
1303 1966 1638 2017 evangelistarum

206 2039 427 2067 sermonem
455 2029 633 2067 oratione
667 2028 866 2068 rhetorica
900 2029 1061 2068 fucavit.
1117 2030 1243 2069 Multa
1278 2030 1462 2081 exempla
1494 2030 1639 2069 afferre

206 2101 380 2142 possum,
410 2090 481 2131 sed
510 2091 656 2132 sufficit
683 2091 757 2132 hoc
786 2105 924 2133 unum:
952 2092 1066 2132 Mtth.
1088 2093 1212 2132 verba
1229 2093 1308 2132 XII
1327 2094 1377 2133 37
1410 2106 1482 2132 «ex
1509 2092 1640 2133 verbis

313 2220 338 2261 1)
367 2220 515 2263 Ebert,
550 2221 695 2264 Allqem.
728 2222 847 2255 Gesck.
877 2223 908 2256 d.
938 2222 1100 2256 Litterat.
1133 2223 1192 2256 des
1220 2222 1398 2256 Mittelalt.
1428 2223 1475 2255 im
1505 2224 1638 2257 Abeud-

205 2273 307 2307 laude
330 2274 360 2313 I,
383 2276 448 2308 109
468 2285 516 2317 sq.

310 2328 335 2369 2)
358 2327 576 2362 Erhardus
599 2329 785 2372 Reusch,
812 2330 881 2363 Gai
902 2330 990 2364 Vetti
1007 2331 1166 2374 Aquiliui
1182 2331 1325 2364 Iuvenci
1347 2331 1513 2364 historiae
1537 2342 1637 2364 evau-

203 2381 334 2424 gelicae
358 2379 438 2414 libri
460 2381 558 2422 IIII,
582 2382 816 2429 Francofurti
839 2385 871 2417 et
894 2384 1040 2426 Lipsiae
1064 2387 1156 2418 1710.

309 2437 336 2476 ⁸)
359 2435 573 2469 Arevalus
596 2437 618 2470 l.
641 2448 667 2470 c.
691 2437 729 2470 iu
745 2438 879 2480 proleq.
896 2449 933 2480 p.
957 2440 999 2471 41
1022 2440 1054 2471 et
1077 2450 1106 2480 q.
1130 2449 1156 2471 s.

308 2490 334 2531 4)
362 2489 461 2532 Oorp.
492 2489 649 2532 scriptor.
679 2491 937 2525 ecclesiasticor.
970 2492 1110 2525 latinor.
1146 2492 1402 2526 Viudobouense
1435 2493 1571 2526 XXIV
1600 2493 1637 2525 iu

197 2542 464 2584 proleyomenis.

309 2596 337 2638 ⁵)
359 2596 434 2630 Des
463 2596 744 2630 Mu'usterischeu
772 2598 1010 2631 Humanisteu
1037 2598 1060 2632 J
1068 2598 1255 2632 ohannes
1284 2599 1544 2633 Murmellius
1572 2601 1636 2633 ele-

200 2648 342 2690 qim-um
369 2650 554 2684 moralium
583 2650 665 2683 libri
694 2653 866 2692 quattuor,
894 2652 1081 2685 Neudruck
1110 2653 1178 2686 Dr.
1207 2653 1248 2686 A.
1279 2653 1438 2692 Boemer‚
1473 2653 1637 2687 Miluster

203 2704 296 2735 1893.
