1800 2904
867 159 920 198 64

230 268 372 315 poetas
406 266 580 317 reperire
614 267 739 317 potui,
773 270 908 305 tamen
942 266 1138 305 Iuvencus
1170 264 1246 306 hac
1280 266 1321 304 in
1349 265 1616 317 descriptione

230 328 449 368 imitatus
477 340 584 369 esse
614 329 804 380 Vergili
831 332 1048 368 ratonem
1077 328 1191 367 mihi
1220 328 1421 368 videtur.

284 390 381 430 Cum
421 404 541 443 supra
578 391 633 445 (p.
671 391 739 445 45)
783 393 1135 433 memoraverimus
1169 392 1384 432 Iuvencum
1418 390 1616 432 interdum

178 454 274 494 solis
310 458 420 495 ortus
454 459 494 495 et
522 468 689 497 occasus
719 456 1009 509 descriptiones
1038 469 1059 496 e
1087 456 1263 507 Vergilio
1292 456 1460 506 aliisque
1487 456 1618 511 poetis

177 518 368 569 petivisse
402 522 442 559 et
477 520 701 573 exemplum
729 520 845 561 huius
875 521 931 561 rei
967 520 1227 571 attulerimus,
1262 518 1312 560 de
1340 518 1416 560 hac
1445 531 1487 559 re
1515 529 1618 559 nunc

177 594 256 623 non
297 584 377 623 iam
420 583 569 636 dicam,
618 586 853 637 praesertim
899 597 987 625 cum
1028 584 1084 624 illi
1126 578 1280 635 quoque
1323 584 1399 624 loci
1441 584 1521 623 iam
1563 583 1614 623 ab

177 646 413 686 Huemero
433 649 615 687 annotati
636 650 726 688 sint.
754 649 817 688 De
833 648 989 688 duabus
1008 647 1099 687 aliis
1113 659 1268 698 quoque
1285 646 1617 698 descriptionibus

177 722 308 761 pauca
336 711 460 751 verba
488 710 622 752 facere
651 711 747 752 mihi
775 725 875 764 opus
904 716 977 764 est,
1006 724 1093 752 cum
1123 710 1173 750 de
1201 711 1264 751 his
1292 712 1372 750 iam
1401 711 1468 750 alii
1496 710 1617 750 locuti

178 775 267 812 sint.
325 774 426 813 Sunt
458 775 533 814 loci
567 776 586 814 I
621 774 709 815 243
745 788 807 826 sq.
844 779 888 814 et
922 776 966 814 II
994 774 1194 825 25—333
1227 771 1461 824 quorumin
1490 773 1616 813 altero

177 836 374 878 Iuvencus
396 838 511 878 Mtth.
532 839 570 878 II
595 839 618 879 9
642 852 754 880 «ecce
772 839 891 880 stella
911 870 919 878 .
942 870 949 877 .
971 869 979 879 .
1001 869 1010 878 .
1032 836 1290 879 antecedebat
1306 850 1396 879 eos»
1420 849 1617 877 exornans

178 903 355 952 sequitur
382 903 601 953 Vergilium
630 904 705 943 VII
734 904 824 955 512,
852 916 1016 954 quorum
1045 903 1086 941 in
1114 902 1240 942 altero
1269 902 1307 941 II
1336 901 1491 941 25—33
1520 901 1615 941 Ver-

177 965 315 1014 gilium
335 965 504 1005 eundem
530 970 690 1006 secutus
716 966 907 1007 describit
932 969 1213 1018 tempestatem
1237 966 1443 1005 marinam.
1490 963 1616 1005 Omne

178 1027 262 1068 fere
281 1030 446 1069 verbum
472 1031 512 1069 in
537 1031 613 1070 hae
638 1030 905 1081 descriptione
930 1031 1031 1081 petit
1057 1042 1079 1069 e
1098 1029 1294 1081 Vergili03
1323 1028 1506 1068 omnibus
1532 1028 1616 1083 fere

176 1091 288 1143 locis,
322 1093 465 1142 quibus
493 1093 693 1144 Vergilius
722 1092 913 1133 describit
940 1096 1218 1145 tempestatem
1246 1093 1452 1142 marinam,
1482 1091 1616 1131 utitur.

246 1186 250 1189 ·
284 1165 322 1218 c)
360 1166 736 1208 Creizenachius
780 1171 886 1207 errat
927 1180 1016 1207 cum
1057 1166 1154 1207 dicit
1193 1168 1235 1206 in
1274 1166 1463 1218 opusculo
1505 1164 1617 1215 „Die

177 1228 340 1280 AeneiS,
375 1230 439 1269 die
473 1230 598 1270 vierte
625 1231 773 1282 Ecloqe
808 1231 896 1271 und
928 1230 992 1270 die
1018 1230 1244 1270 Pharsalia
1278 1230 1334 1269 im
1363 1227 1616 1279 Mittelalter‚

176 1291 421 1345 Frankfurt
438 1307 474 1335 a.
496 1293 554 1334 M.
580 1294 707 1347 1864,
730 1308 771 1346 p.
793 1295 892 1334 11“.·
921 1294 1204 1344 „Iuvencus
1231 1293 1353 1334 wird
1379 1292 1501 1333 noch
1528 1304 1618 1333 von

176 1356 418 1397 Petrarca
468 1357 759 1398 bewundert.
836 1359 945 1398 Den
991 1358 1185 1408 Spuren
1234 1356 1422 1409 Veryils
1467 1354 1616 1396 nach-

173 1419 360 1470 9ehend
386 1423 512 1472 waqt
544 1434 593 1460 er
620 1421 741 1461 wohl
770 1421 893 1462 auch
921 1421 1030 1461 eine
1058 1420 1246 1461 direkte
1272 1419 1619 1470 Entlehnunq;

176 1482 267 1522 den
283 1483 524 1534 Aufblick
542 1484 623 1524 des
637 1484 1074 1535 yutenSchdchers
1092 1497 1152 1524 eu
1168 1483 1366 1524 Christo
1379 1482 1620 1523 schildert

176 1545 264 1585 mit
282 1546 552 1587 dem-selben
580 1547 707 1600 Vers,
735 1548 824 1588 den
850 1547 925 1588 die
944 1547 1121 1587 Aeneis
1138 1559 1227 1587 von
1246 1547 1329 1587 der
1345 1545 1617 1598 yeraubten

179 1608 458 1650 Cassandra
500 1610 746 1651 braucht.“
817 1611 1067 1661 Quamquam
1108 1612 1322 1651 Iuvencum
1366 1623 1391 1649 a
1426 1608 1617 1649 Petrarca

176 1673 332 1712 laudari
361 1686 497 1713 verum
528 1678 600 1726 est,
630 1674 780 1714 fallitur
809 1678 959 1726 auctor,
997 1685 1085 1714 cum
1113 1673 1327 1714 Iuvencum
1355 1675 1395 1712 in
1423 1673 1617 1724 versibus,

177 1736 320 1786 quibus
354 1735 404 1776 de
434 1736 588 1777 duobus
616 1738 837 1777 latronibus
857 1741 1053 1789 narratur,
1082 1737 1299 1788 Vergilium
1319 1733 1465 1776 imitari
1490 1739 1614 1788 putat.

177 1800 280 1839 Nam
310 1800 349 1838 in
379 1799 533 1840 duobus
562 1804 716 1840 tantum
745 1801 927 1840 versibus
955 1801 1010 1840 IV
1038 1799 1206 1852 685s86:

306 1890 322 1909 «
334 1872 417 1914 Nec
444 1873 583 1915 minus
609 1874 863 1926 increpitant
890 1875 1034 1915 dextra
1064 1875 1257 1926 laevaque
1281 1876 1480 1926 qementes

338 1937 480 1986 Adfixi
507 1938 696 1978 crucibus
723 1939 917 1978 scelerum
938 1951 1015 1988 pro
1042 1941 1147 1978 sorte
1177 1939 1381 1978 latrones»

176 2011 373 2050 Iuvencus
400 2009 641 2062 poenitentis
669 2012 835 2052 latronis
863 2024 941 2052 non
970 2013 1099 2063 magis
1122 2011 1219 2052 tacit
1238 2013 1477 2051 mentionem
1488 2013 1615 2062 'quam

175 2075 289 2113 Mtth.
318 2075 475 2114 XXVII
504 2076 573 2114 44:
607 2092 623 2111 «
638 2075 693 2115 Id
718 2076 851 2126 ipsum
880 2078 1016 2115 autem
1044 2078 1083 2114 et
1110 2076 1299 2124 latrones,
1332 2074 1402 2125 qui
1430 2074 1616 2123 crucifioei

175 2140 298 2177 erant
333 2150 424 2176 cum
460 2150 513 2186 eo,
549 2137 881 2188 improperabant
913 2137 992 2177 ei».
1055 2137 1137 2177 Sed
1178 2139 1211 2177 si
1245 2137 1413 2177 Seduli
1456 2149 1616 2176 carmen

175 2200 367 2252 paschale
398 2201 630 2251 evolvimus,
660 2201 829 2251 legimus
857 2201 891 2241 V
920 2200 997 2241 217
1027 2214 1104 2251 sq.:
1526 2208 1530 2211 ’

207 2273 355 2313 «Alter
384 2274 553 2315 adorato
574 2287 649 2325 per
677 2274 801 2314 verba
822 2274 1043 2326 precantia
1073 2272 1234 2314 Christo

242 2336 396 2377 Saucia
424 2337 599 2378 deiectus
625 2338 808 2388 flectebat
837 2338 1046 2388 lumina,
1079 2341 1240 2379 tantum
1440 2397 1444 2400 .

242 2400 479 2450 Lumina,
510 2413 621 2441 nam
646 2401 832 2453 qeminas
861 2401 1101 2441 arcebant
1126 2401 1302 2442 vulnera
1323 2400 1561 2451 palmas»,

176 2486 279 2524 quae
308 2475 431 2514 verba
460 2488 582 2526 prope
612 2475 664 2514 ad
689 2476 853 2515 verbum
874 2480 1095 2526 congruunt
1114 2488 1202 2514 cum
1221 2474 1397 2524 Vergilio
1416 2475 1455 2512 Il
1474 2473 1613 2524 405s6:

232 2547 329 2587 «Ad
356 2548 511 2588 caelum
533 2549 707 2599 ,tendens
736 2549 927 2590 ardentia
957 2549 1149 2590 lumina
1175 2548 1350 2600 frustra,
1380 2582 1382 2584 ,

265 2611 500 2662 Lumina,
528 2625 638 2653 narn
669 2615 827 2653 teneras
857 2613 1099 2652 arcebant
1124 2611 1293 2651 vincula
1314 2611 1552 2661 palmas».
