1800 2904
874 223 925 262 47

188 342 315 371 rarae.
384 330 523 381 Neque
565 330 698 382 plures
740 341 829 369 esse
869 332 964 381 puto
1006 341 1124 379 quam
1166 339 1266 378 quas
1307 325 1413 366 infra
1453 337 1622 365 comme-

188 395 363 435 morabo.

295 468 409 516 Quod
429 470 623 509 Iuvencus
651 468 887 508 vocabulum
913 467 1192 507 «salvator»
1218 463 1405 516 (σωτήρ)
1425 464 1493 503 Lc.
1513 464 1552 502 Il
1575 464 1618 502 11

188 532 367 573 circumit
386 536 469 574 toto
487 545 605 573 versu
623 532 756 572 1167:
788 531 914 581 «Qui
935 530 1136 582 populis
1166 530 1315 570 lucem
1341 541 1444 568 mox
1474 527 1620 567 laeti-

189 596 402 648 tiamque
422 598 697 648 propaqet»,
725 596 787 636 his
813 596 946 644 verbis
975 607 1064 635 eum
1093 594 1296 646 explicare
1315 593 1490 633 voluisse
1510 596 1619 644 puto,

187 665 381 711 quatenus
410 662 461 701 sit
488 662 600 700 Iesus
632 660 923 700 «salvator».
960 681 1009 686 —
1043 658 1209 698 Versum
1239 657 1259 696 I
1287 656 1364 697 234
1402 655 1622 706 «Quique

181 724 534 776 prophetarum
567 726 783 764 veterum
816 722 1074 774 praedicta
1114 723 1398 762 recensent»
1436 721 1620 760 existimo

171 789 546 841 amplificationem,
579 800 681 838 quae
709 787 753 826 fit
781 785 1044 838 explicandae
1073 798 1195 825 causa
1223 786 1334 824 vocis
1366 783 1616 823 «scribae»

185 851 297 891 Mtth.
318 852 407 891 114.
437 874 491 881 --
519 851 613 891 Sine
642 850 761 890 dubio
790 849 932 890 eadem
960 861 1024 889 res
1052 848 1295 899 intellegitur
1323 847 1517 899 exemplis
1540 846 1620 886 his:

185 916 204 955 I
233 916 322 967 571,
350 916 389 955 II
418 915 493 954 347
523 926 595 965 sq.,
623 915 683 953 111
711 913 799 953 706.
830 936 880 941 —
908 913 1027 953 Locis
1046 913 1065 951 I
1090 912 1163 951 571
1196 915 1236 951 et
1263 912 1304 950 ΙΙ
1329 911 1407 950 347
1436 911 1622 962 exprimit

184 991 322 1018 vocem
354 976 688 1028 «publicani»,
716 977 802 1017 loco
822 977 841 1015 I
862 977 934 1015 571
966 988 1037 1027 per
1068 987 1215 1026 «qens
1242 974 1408 1015 dedita
1436 974 1617 1014 lucris»

184 1042 271 1081 loco
299 1041 339 1080 ΙΙ
367 1041 444 1080 347
474 1053 552 1090 sq.:

313 1114 555 1153 «Publica
583 1113 840 1153 conductis
867 1113 952 1163 qui
978 1112 1245 1163 vestiqalia
1276 1112 1427 1152 lucris

346 1176 570 1228 Professi
597 1175 802 1226 capiunt
828 1175 992 1216 alieno
1019 1174 1212 1216 nomine
1232 1176 1512 1226 praedam».

184 1252 289 1291 Loco
306 1252 364 1290 111
380 1250 457 1289 706
473 1250 643 1300 denique
659 1251 843 1301 exprimit
858 1250 975 1290 simili
990 1249 1107 1290 modo
1117 1262 1255 1289 vocem
1267 1265 1284 1285 «
1295 1249 1570 1289 meretrices
1581 1264 1618 1288 »ε

292 1340 309 1359 <<
323 1323 550 1374 Corporis
577 1337 597 1364 e
623 1323 766 1363 vitiis
793 1326 1081 1375 quaerentes
1108 1323 1306 1363 sordida
1336 1324 1518 1363 lucra.»

185 1399 257 1438 His
292 1400 333 1437 in
367 1398 663 1438 circuitionibus
695 1398 904 1438 verborum
939 1399 1135 1438 Iuvencus
1169 1411 1248 1438 non
1276 1399 1402 1437 solum
1431 1399 1617 1449 explicat,

185 1461 257 1500 sed
276 1462 395 1500 etiam
415 1460 728 1511 indignationem
748 1462 917 1512 erumpit
935 1462 976 1499 in
991 1460 1069 1500 duo
1083 1473 1233 1511 genera
1246 1461 1385 1500 horum
1403 1461 1617 1512 hominum,

185 1536 349 1574 quorum
391 1524 558 1563 alterum
591 1524 889 1576 publicanorum
900 1523 930 1576 1)
967 1522 1121 1576 fraude,
1164 1524 1332 1564 alterum
1367 1525 1617 1564 meretricum

184 1587 358 1627 moribus
392 1588 556 1638 impuris
589 1588 872 1639 locupletatum
908 1591 981 1626 est.
1036 1587 1134 1626 Cum
1162 1588 1358 1627 Iuvencus
1389 1589 1616 1638 provinciae

183 1651 388 1691 Romanae
421 1650 552 1691 incola
587 1655 705 1704 esset,
745 1652 828 1692 vita
860 1662 1069 1702 moresque
1103 1650 1403 1702 publicanorum
1438 1652 1474 1690 ei
1508 1650 1616 1691 haud

182 1715 307 1765 ignoti
343 1717 468 1765 erant,
510 1718 752 1766 quapropter
788 1713 1010 1754 mirandum
1044 1727 1128 1761 non⁴
1166 1718 1239 1766 est,
1281 1714 1388 1765 quod
1420 1716 1616 1754 Iuvencus

182 1780 389 1828 tantopere
417 1778 458 1816 in
486 1789 555 1817 eos
583 1777 791 1817 invehitur.

288 1850 444 1902 Saepe
486 1852 534 1889 in
580 1852 856 1902 evangeliis
898 1852 1194 1902 sententiae,
1236 1851 1406 1902 verba,
1447 1864 1616 1892 narra-

182 1914 343 1954 tiones
377 1913 489 1953 aliis
525 1915 751 1954 versibus
792 1915 1088 1954 intermissis
1129 1918 1438 1966 separantur,
1479 1927 1616 1965 quam

183 1978 238 2017 ob
267 1989 362 2017 rem
390 1978 627 2018 Iuvencus
654 1979 805 2018 verba
833 1979 1099 2018 sententiis
1136 1979 1455 2028 congruentia
1491 1991 1614 2018 com-

182 2041 337 2093 ponit,
373 2053 464 2091 quo
499 2040 677 2080 factum
714 2045 788 2081 est
820 2044 872 2082 ut
900 2053 1048 2092 saepe
1076 2044 1211 2082 totos
1238 2054 1416 2082 versus
1445 2045 1488 2082 ei
1517 2045 1618 2083 sint

182 2107 561 2154 transponendi.

286 2179 350 2219 Ad
369 2180 553 2231 exempla
571 2180 687 2220 huius
706 2181 776 2231 rei,
802 2192 907 2231 quae
923 2179 1166 2230 Maroldus2)
1188 2179 1332 2231 attulit,
1353 2179 1431 2220 duo
1450 2180 1615 2221 addam:

183 2244 316 2283 Lucae
336 2243 459 2282 verba
478 2244 518 2282 II
538 2243 654 2295 50s51
671 2259 679 2284 :
712 2244 800 2283 «Et
816 2243 895 2294 ipsi
913 2255 997 2284 uon
1014 2242 1310 2283 iutelleoeerunt
1330 2243 1494 2283 verbum
1513 2245 1619 2295 quod

185 2308 338 2348 locutus
366 2309 425 2347 est
451 2307 506 2347 ad
531 2307 624 2348 illos
651 2308 759 2358 (50).
816 2307 874 2347 Et
900 2306 1103 2347 descendit
1128 2319 1218 2347 cum
1250 2307 1337 2347 illis
1365 2310 1404 2346 et
1428 2308 1543 2348 venit
1568 2309 1617 2348 in

182 2369 392 2411 Nazareth
428 2372 467 2409 et
499 2373 590 2410 erat
620 2370 807 2411 subditus
840 2370 938 2410 illis.
995 2370 1054 2409 Et
1083 2372 1214 2410 mater
1241 2370 1328 2410 eius
1354 2372 1619 2412 conservabat

294 2528 318 2568 ¹)
356 2527 409 2560 De
446 2526 657 2569 publicanis,
699 2527 846 2560 maxime
888 2527 922 2559 in
964 2527 1156 2570 evangeliis
1200 2528 1481 2561 commemoratis
1518 2527 1615 2561 vide:

179 2581 470 2614 Rostowzew:
503 2579 699 2614 Geschichte
729 2581 791 2614 der
816 2581 1039 2624 Staatspacht
1068 2581 1106 2613 in
1134 2581 1196 2614 der
1223 2582 1307 2615 νὸνη.
1337 2581 1537 2615 Kaiserzeit
1564 2582 1616 2615 bis

180 2633 398 2673 Diokletian,
415 2645 452 2676 p.
476 2636 539 2667 151
562 2644 620 2676 sq„
644 2634 789 2676 Leipziy
812 2636 906 2668 1903.

286 2687 312 2729 ²)
335 2687 357 2719 l.
381 2696 409 2720 c.
432 2697 465 2730 p.
488 2687 617 2731 332l33.
