1800 2904
843 158 891 198 10

193 262 383 315 redditur,
420 275 509 302 cum
543 264 583 302 in
620 263 710 303 aliis
738 262 943 304 codicibus
971 263 1163 304 reddatur
1190 264 1579 308 constructioneab-

192 327 305 367 lativi
342 326 514 368 absoluti
552 326 756 368 «relicto
789 340 874 367 eo».
929 327 1042 375 Quae
1076 340 1163 368 cum
1200 330 1440 370 constructio
1473 327 1580 379 apud

193 391 407 429 Iuvencum
422 392 644 441 reperiatur
658 392 713 430 IV
729 391 805 429 536
828 390 1044 441 «discipuli
1055 390 1211 441 passim
1228 389 1423 431 Christo
1440 391 1580 443 fuqere

191 453 416 504 relicto»,
448 466 537 494 eum
565 454 670 495 hanc
699 466 720 494 e
748 456 860 494 textu
888 454 1011 495 latino
1039 456 1204 507 petiisse
1233 458 1414 507 apparet.

246 530 461 568 Iuvencum
497 532 608 568 textu
643 530 766 568 latino
801 540 914 569 usum
951 541 1039 569 esse
1074 530 1194 568 etiam
1228 541 1277 568 ex
1309 530 1359 570 iis
1386 529 1579 581 exemplis

138 591 383 642 intellegitur
432 592 576 642 quibus
625 591 920 632 demonstratur
961 604 1063 632 eum
1106 605 1206 632 cum
1248 596 1384 632 textu
1425 592 1578 632 latino

139 658 482 706 congruentem
510 668 669 695 vocem
699 656 1017 707 compositam
1046 656 1227 696 habere
1257 656 1430 706 quibus
1456 656 1578 695 locis

139 722 300 758 textus
327 730 537 769 graecus
564 731 732 759 vocem
761 719 1033 771 simplicem
1060 719 1275 771 praebet.

296 794 343 832 In
384 793 518 832 verbis
559 793 673 832 Mtth.
717 793 793 833 VII
835 794 859 832 6
909 795 1079 833 occurrit
1124 793 1360 833 vocabulum
1409 792 1576 844 simplex

193 855 487 908 «στραφέντες»,
517 856 623 907 quod
652 857 833 896 omnibus
861 858 902 895 in
931 856 1135 897 codicibus
1167 856 1303 896 latinis
1337 856 1577 896 convertitur

191 921 410 972 composito
433 912 730 961 «conversi».
768 920 879 960 Idem
906 921 1051 972 legitur
1069 920 1177 972 apud
1197 921 1280 960 Iuv.
1302 921 1320 959 I
1339 920 1416 959 667
1439 931 1575 960 »con-

190 983 410 1035 versique
443 996 535 1024 sues
563 987 674 1025 vasto
702 997 768 1025 vos
794 984 964 1025 vulnere
996 986 1224 1035 rumpent»,
1259 996 1338 1035 qua
1367 995 1417 1023 ex
1444 996 1486 1023 re
1515 995 1575 1023 se-

191 1049 323 1098 quitur
351 1049 566 1087 Iuvencum
595 1052 747 1087 textum
775 1048 942 1087 latinum
971 1051 1064 1087 ante
1093 1048 1228 1098 oculos
1254 1047 1455 1087 habuisse.

296 1110 416 1150 Varie
465 1111 505 1149 in
546 1110 751 1150 codicibus
791 1111 925 1151 latinis
965 1124 1043 1151 vox
1086 1110 1253 1163 simplex
1299 1110 1571 1160 »ἁρπάζουσιυ

189 1172 381 1224 redditur,
410 1174 450 1212 in
478 1174 568 1214 aliis
596 1175 814 1226 composito
841 1174 1168 1226 «diripiunt»,
1197 1175 1237 1213 in
1265 1174 1354 1213 aliis
1380 1173 1574 1213 vocabulo

191 1237 360 1288 simplici
393 1237 681 1287 «rapiunt».
728 1238 825 1278 Cum
855 1239 1050 1277 Iuvencus
1077 1250 1233 1288 quoque
1260 1237 1410 1277 habeat
1435 1248 1574 1276 vocem

161 1301 455 1352 'compositam
498 1302 537 1340 II
579 1301 656 1341 540
701 1304 763 1341 «et
802 1301 905 1342 caeli
943 1314 1116 1353 reynum
1155 1300 1350 1341 violentia
1397 1299 1577 1351 diripit

190 1367 348 1416 atrox»,
378 1376 466 1404 eum
496 1368 647 1404 textum
676 1366 843 1405 latinum
871 1366 1095 1417 inspexisse
1123 1365 1279 1415 colligo.

243 1440 458 1480 Iuvencum
512 1438 743 1479 adhibuisse
795 1442 947 1479 textum
999 1439 1164 1480 latinum
1216 1452 1264 1479 ex
1311 1439 1372 1479 his
1418 1451 1573 1490 quoque

136 1503 330 1555 exemplis
359 1502 511 1543 efficio:

294 1576 426 1616 Mtth.
463 1576 600 1616 XXIV
635 1578 686 1616 24
721 1595 769 1610 =
804 1577 900 1616 Iuv.
937 1577 993 1617 IV
1024 1577 1098 1616 139
1132 1581 1172 1616 et
1204 1576 1337 1616 Mtth.
1365 1576 1521 1616 XXVII
1549 1575 1572 1615 5

189 1658 238 1673 =
268 1641 362 1679 Iuv.
391 1640 447 1680 IV
476 1639 566 1679 629.

294 1704 430 1743 Priore
459 1704 547 1743 loco
575 1705 771 1755 reperitur
798 1717 834 1743 v.
866 1717 896 1744 s.
928 1704 1344 1756 «ἐγερθήσονται»,
1378 1704 1484 1755 quod
1512 1704 1573 1745 his

187 1768 228 1806 in
247 1766 451 1807 codicibus
470 1768 606 1807 latinis
626 1768 845 1819 composito
868 1770 1217 1820 «exsufflent»,
1246 1769 1286 1807 in
1305 1768 1383 1808 illis
1404 1768 1572 1820 simplici

191 1832 454 1881 «surye‘nt»
477 1832 653 1869 vertitur.
701 1831 898 1870 Iuvencus
920 1844 1007 1870 cum
1028 1832 1225 1871 nonnullis
1250 1830 1454 1871 codicibus
1481 1843 1571 1871 con-

187 1895 352 1933 veniens
380 1893 548 1945 praebet
579 1896 919 1945 «exsurye‘nt».

292 1958 399 1997 Loco
428 1957 554 1997 altero
574 1960 707 1997 exstat
724 1970 760 1997 v.
782 1969 813 1997 s.
846 1957 1010 2008 «ῥίψας
1025 1973 1057 2008 >>,
1088 1957 1193 2008 quod
1212 1970 1348 1998 omnes
1368 1956 1483 1998 codd.
1503 1957 1571 1997 lat.

187 2033 258 2072 per
289 2020 561 2072 «proicere»
585 2020 840 2061 transierunt.
887 2020 1007 2073 Apud
1034 2022 1119 2061 Iuv.
1139 2020 1247 2061 idem
1273 2022 1570 2073 legitur.«pro-

187 2084 311 2124 iecit
339 2087 436 2125 tunc
464 2085 667 2125 detestans
695 2087 948 2137 amentum».

240 2161 330 2199 Vox
364 2162 525 2198 textus
559 2160 724 2209 graeci
753 2161 987 2209 composita
1014 2158 1233 2198 redditur
1260 2158 1496 2198 interdum
1525 2160 1572 2197 in

133 2222 440 2261 versionibus
469 2222 640 2261 latinis
668 2225 714 2261 et
741 2235 767 2261 a
795 2222 1004 2262 Iuvenco
1032 2234 1137 2263 voce
1164 2224 1352 2272 simplici.

294 2294 409 2343 Quod
438 2296 634 2336 Iuvencus
663 2296 789 2337 tribus
816 2296 915 2337 locis
944 2296 1039 2336 Ioh.
1069 2296 1131 2336 III
1163 2297 1209 2335 17
1240 2315 1288 2330 =
1318 2295 1572 2347 1uv 11228,

188 2359 285 2398 Ioh.
320 2360 374 2399 IV
403 2360 454 2400 38
483 2378 532 2393 =
562 2359 658 2399 Iuv.
689 2360 730 2399 II
759 2360 850 2411 317,
884 2359 1014 2399 Mtth.
1044 2360 1104 2398 XI
1136 2360 1183 2399 10
1212 2378 1261 2393 =
1290 2360 1385 2399 Iuv.
1414 2359 1454 2398 II
1483 2359 1572 2410 535,

186 2423 330 2474 quibus
344 2424 384 2463 in
398 2427 508 2464 textu
523 2436 669 2475 gracco
684 2425 853 2464 occurrit
867 2436 944 2464 vox
960 2424 1180 2476 composita
1198 2439 1215 2460 «
1228 2424 1283 2461 ἀπ
1293 2437 1312 2461 ο
1324 2422 1526 2461 στέλλειν
1538 2439 1572 2475 »,

188 2500 278 2526 eam
305 2486 439 2526 reddit
466 2500 555 2527 cum
583 2488 833 2527 versionibus
858 2487 993 2527 latinis
1012 2487 1182 2538 simplici
1202 2498 1300 2526 voce
1322 2485 1568 2526 «mittere»

186 2562 265 2589 non
311 2553 372 2589 est
418 2549 578 2589 dubium
622 2551 715 2600 quin
756 2550 832 2589 hac
874 2551 913 2589 in
955 2562 997 2589 re
1038 2551 1261 2590 versionem
1303 2549 1468 2589 latinam
1511 2562 1571 2591 se-

186 2616 340 2664 quatur.
