1800 2904
885 172 933 211 16

183 289 204 315 e
233 278 390 316 Marco
410 278 428 316 I
449 277 485 327 5,
506 276 530 314 6
558 277 707 327 petitus
736 288 825 316 esse
854 276 950 315 mihi
977 276 1147 328 videtur,
1175 276 1283 329 apud
1310 290 1428 329 quem
1453 277 1622 328 legimus

186 356 202 375 «
214 340 272 380 Et
305 340 493 381 veniebat
527 340 580 380 ad
611 340 732 380 illum
766 339 896 380 omnis
924 339 1106 381 Iudaeae
1139 340 1248 392 reyio
1283 344 1322 381 et
1351 354 1486 382 omnes
1513 340 1620 381 Iero-

181 404 392 454 solymitae
437 406 475 442 et
521 403 840 453 baptizabantur
880 403 931 443 ab
972 395 1045 443 illo
1081 403 1130 443 in
1171 403 1350 444 Iordane
1391 404 1623 455 confitentes

176 469 343 517 peccata
383 479 461 507 sua
503 467 580 517 (5).
643 466 754 506 Erat
788 468 923 506 autem
956 465 1165 507 Iohannes
1197 466 1282 518 ipse
1314 467 1486 508 indutus
1514 468 1622 519 pilos

182 531 326 570 cameli
368 532 407 569 et
443 542 547 569 eona
583 529 755 580 pellicea
795 529 905 570 circa
940 530 1092 570 lumbos
1124 530 1223 580 eius,
1269 531 1441 572 locustas
1475 533 1515 571 et
1544 532 1622 572 mel

181 593 363 634 silvestre
404 593 587 645 edebat»,
630 606 718 634 cum
760 593 868 646 apud
905 593 1020 634 Mtth.
1055 606 1195 636 versus
1235 595 1293 635 ita
1333 607 1377 636 se
1419 596 1622 648 excipiant

183 659 242 698 III
270 659 295 697 4
340 657 465 709 «Ipse
507 661 641 698 autem
679 657 889 699 Iohannes
924 658 1099 699 habebat
1131 659 1413 700 vestimentum
1445 659 1492 700 de
1519 659 1622 710 pilis

182 722 436 772 camelorum,
467 724 506 762 et
531 734 677 762 zonam
698 722 907 773 pelliciam
934 722 1044 764 circa
1070 722 1222 764 lumbos
1238 736 1352 773 suos;
1380 735 1468 764 esca
1487 725 1622 764 autem

182 786 270 826 eius
310 788 402 826 erat
443 786 624 826 lucustae
664 789 704 826 et
744 787 823 827 mel
854 786 1036 827 silvestre
1073 787 1151 838 (4).
1224 786 1340 827 Tunc
1375 786 1535 827 exiebat
1568 786 1622 827 ad

182 863 273 890 eum
314 849 600 900 Hierosolyma
644 853 684 890 et
727 850 859 890 omnis
898 850 1059 891 Iudaea
1104 853 1143 890 et
1185 850 1315 891 omnis
1358 850 1468 902 reyio
1512 850 1621 891 circa

183 913 401 954 Iordanem
427 915 514 964 (5),·
548 916 586 953 et
613 913 931 964 baptizabantur
959 915 1007 957 in
1035 914 1215 955 Iordane
1242 915 1293 955 ab
1321 927 1363 954 eo
1391 914 1621 964 confitentes

176 980 342 1027 peccata
369 990 446 1017 sua
474 977 549 1028 (6).
564 993 596 1015 ».
652 977 847 1018 Matthaei
876 990 971 1029 ergo
998 990 1138 1019 versus
1166 979 1191 1017 4
1218 977 1434 1030 respondet
1458 979 1620 1018 luvenci

181 1041 363 1081 versibus
391 1040 616 1093 323—325,
644 1041 839 1082 Matthaei
866 1055 1005 1082 versus
1032 1043 1055 1082 5
1075 1046 1115 1082 et
1134 1044 1159 1083 6
1186 1042 1430 1095 respondent
1447 1043 1620 1083 Iuvenco

183 1104 255 1147 321
280 1109 320 1144 et
339 1104 429 1144 322.
486 1105 529 1145 Si
559 1109 691 1145 autem
720 1107 959 1158 quaerimus,
988 1118 1058 1147 cur
1075 1107 1271 1147 Iuvencus
1289 1106 1414 1146 Marci
1442 1105 1621 1147 ordinem

183 1173 342 1209 secutus
376 1170 439 1221 sit,
474 1171 750 1220 cognoscimus
783 1182 872 1210 eum
900 1170 942 1210 id
971 1170 1115 1211 fecisse
1145 1183 1192 1211 eo
1221 1170 1385 1211 consilio
1412 1173 1455 1210 ut
1482 1182 1621 1210 versus

182 1233 388 1284 eleganter
417 1234 615 1273 coniuncti
644 1235 722 1274 sint
751 1246 839 1273 cum
869 1234 1210 1275 antecedentibus.

286 1297 422 1336 Verba
450 1310 553 1348 quae
581 1297 671 1336 libri
699 1298 769 1337 III.
799 1299 954 1338 initium
983 1298 1154 1339 faciunt:
1187 1297 1400 1338 «Fuderat
1422 1297 1470 1337 in
1490 1299 1621 1337 terras

180 1373 338 1400 roseum
365 1360 490 1401 iubar
508 1360 733 1413 iynicomus
750 1362 844 1403 sol.»
853 1362 883 1414 1)
913 1361 1114 1403 adduntur
1134 1375 1158 1402 a
1174 1366 1305 1414 poeta.
1351 1361 1620 1402 Reuschius

181 1429 466 1465 commemorat
495 1425 547 1465 ad
575 1425 679 1465 hunc
714 1438 874 1466 versum
908 1427 949 1466 in
983 1426 1157 1467 editione
1191 1439 1265 1466 sua
1298 1430 1415 1465 notas
1451 1424 1619 1465 Iodoci

180 1488 323 1527 Badii
351 1489 573 1527 Ascensii
610 1492 649 1527 et
677 1488 875 1540 Georgii
902 1489 1144 1529 Matthiae
1171 1489 1421 1539 Koenigii,
1455 1499 1619 1539 quorum

181 1552 282 1592 alter
324 1551 437 1592 dicit:
487 1551 725 1592 «Describit
769 1555 902 1593 ortum
942 1553 1055 1604 solis,
1090 1546 1221 1604 'quasi
1260 1551 1458 1603 postridie
1498 1564 1620 1603 quam

176 1615 399 1667 parabolas
424 1616 658 1666 audierant,
681 1616 871 1667 discipuli
891 1617 945 1658 ad
963 1616 1171 1657 dominum
1189 1615 1431 1657 accesserint
1443 1614 1617 1664 (Bad)»,

180 1680 298 1720 alter:
345 1679 492 1721 «Nihil
534 1680 615 1721 tale
655 1681 766 1731 apud
804 1680 922 1721 Mtth.
958 1680 1088 1722 XIII
1122 1681 1179 1721 36
1222 1680 1381 1733 leyitur.
1450 1678 1621 1721 Adicit

179 1744 346 1796 iyitur
375 1744 620 1784 Iuvencus
662 1744 745 1785 hoc
783 1745 836 1785 de
867 1758 952 1785 suo
985 1745 1251 1801 (Koelniq)».
1315 1745 1464 1783 Poeta
1505 1755 1619 1794 ergo

179 1810 306 1846 inter
333 1808 447 1846 libri
475 1808 532 1847 II.
552 1808 700 1847 finem
730 1811 777 1847 et
800 1809 881 1847 III.
903 1810 1098 1848 initium
1119 1808 1268 1859 fingit
1286 1811 1485 1847 noctem.
1531 1806 1619 1845 Vox

180 1875 312 1910 autem
345 1883 516 1911 «serus»
549 1872 588 1910 II
615 1871 712 1912 829:
748 1871 853 1911 Inde
880 1872 1038 1912 domum
1064 1871 1211 1922 repetit
1235 1883 1374 1910 serus
1402 1869 1621 1919 turbasque

179 1934 377 1984 reliquit»
409 1935 582 1984 vestigia
611 1933 822 1973 ostendere
851 1934 946 1973 mihi
979 1934 1149 1986 videtur,
1175 1941 1289 1985 'quae
1317 1934 1532 1972 Iuvencum
1567 1930 1619 1971 ad

178 1997 287 2036 illam
329 1996 530 2037 fictionem
569 1998 769 2049 poeticam
811 1997 1021 2040 duxerunt.
1084 1998 1188 2039 Nam
1230 2009 1318 2037 cum
1361 1994 1468 2048 apud
1504 1995 1616 2035 Mtth.

178 2061 278 2100 XIII
298 2061 348 2100 36
376 2060 473 2099 nihil
501 2060 611 2100 aliud
639 2061 796 2111 legatur
823 2073 943 2111 quam
971 2061 1072 2102 haec
1104 2076 1120 2096 «
1136 2060 1253 2101 Tunc
1281 2058 1458 2100 dimissis
1488 2058 1619 2099 turbis

178 2123 292 2163 venit
331 2123 379 2163 in
421 2123 590 2173 domum,
634 2126 674 2163 et
714 2126 968 2165 accesserunt
1002 2124 1057 2166 ad
1089 2137 1181 2165 eum
1214 2122 1405 2174 discipuli
1438 2121 1526 2163 eius
1558 2121 1617 2162 di-

178 2190 309 2226 centes
338 2217 346 2225 .
379 2217 386 2224 .
417 2217 425 2225 .
457 2203 505 2237 .»‚
541 2187 685 2238 legitur
720 2187 827 2239 apud
861 2188 1052 2239 Marcum,
1086 2189 1198 2228 cuius
1230 2198 1370 2227 versus
1406 2186 1461 2226 IV
1497 2184 1619 2236 33s34

179 2253 400 2301 congruunt
442 2262 531 2289 cum
567 2250 678 2289 Mtth.
718 2250 819 2290 XIII
855 2251 919 2302 34,
960 2252 1001 2290 in
1042 2263 1160 2291 versu
1193 2251 1263 2291 35:
1309 2248 1499 2290 «Esau
1531 2247 1619 2288 illis

179 2313 297 2354 Iesus
327 2346 332 2351 .
365 2344 372 2352 .
405 2344 412 2351 .
443 2344 453 2362 ,
484 2326 585 2352 cum
619 2326 727 2353 sero
761 2317 889 2353 esset
921 2315 1108 2365 factum
1143 2313 1295 2363 (ὀψίας
1324 2311 1617 2361 γενομένης);

181 2377 458 2417 Transeamus
493 2379 679 2427 contra»,
721 2380 760 2416 et
795 2377 866 2416 36:
908 2377 1173 2418 dimittunt
1214 2376 1389 2417 turbas
1423 2390 1616 2413 ......

177 2442 293 2481 Nunc
321 2444 454 2480 autem
483 2444 620 2480 narrat
647 2441 807 2480 Marcus
836 2444 1116 2492 tempestatem
1150 2441 1357 2480 marinam.
1411 2437 1616 2478 Facillime

178 2510 313 2543 tamen
341 2504 426 2543 fieri
454 2507 600 2555 potest,
629 2508 671 2543 ut
700 2505 898 2543 Iuvencus
926 2504 1000 2544 hoc
1029 2504 1116 2544 loco
1143 2502 1337 2543 Matthaei
1367 2501 1616 2552 evangelium

286 2641 312 2681 1)
334 2639 372 2672 In
396 2639 474 2672 libri
496 2639 594 2673 initio
617 2641 791 2674 Iuvencus
815 2639 972 2682 sequitur
993 2640 1099 2683 Verg.
1123 2639 1157 2672 X
1183 2642 1199 2674 l
1224 2641 1260 2672 et
1283 2637 1334 2672 XI
1356 2640 1386 2672 1.
