1800 2904
1327 2741 1369 2775 2*

590 2645 621 2684 10

800 2616 840 2662 9¹)

1072 2647 1103 2683 11

1241 2645 1273 2682 12

183 2442 216 2573 Videns
185 2315 216 2429 autem
183 2190 215 2303 Iesum
183 2045 225 2177 alonge

234 2422 268 2573 cucurrit
237 2366 268 2400 et
234 2179 268 2343 adoravit
245 2080 268 2157 eum

300 2538 331 2575 et
297 2342 331 2496 clamans
307 2210 331 2300 voce
308 2045 341 2172 magna

349 2477 383 2575 dicit:

413 2488 453 2576 Quid
413 2376 446 2458 mihi
416 2313 446 2348 et
413 2222 446 2285 tibi
414 2121 446 2201 Iesu
413 2045 446 2094 fili

465 2521 499 2577 dei
465 2351 498 2497 summi?
489 2320 498 2328 .
489 2289 498 2296 .
489 2257 498 2264 .
490 2224 498 2232 .

580 2531 613 2578 Et
579 2254 622 2509 deprecabatur
589 2154 613 2231 eum
580 2047 613 2132 mul-

635 2493 674 2577 tum,
642 2427 666 2471 ne
642 2367 665 2404 se
633 2161 675 2348 expelleret
635 2046 666 2145 extra

684 2389 727 2577 regionem.

799 2531 833 2578 Et
800 2288 843 2520 interrogavit
810 2184 834 2278 eum:
814 2152 829 2165 «
800 2047 843 2140 quod

852 2513 886 2577 tibi
862 2366 886 2492 nomen
856 2268 886 2344 est»
856 2207 887 2242 et
853 2100 886 2184 dicit
853 2046 886 2078 ei

918 2560 933 2574 «
904 2440 947 2548 Legio
904 2344 937 2425 mihi
916 2205 940 2330 nomen
909 2139 940 2192 est
907 2046 949 2127 quia

957 2477 990 2576 multi
967 2300 991 2455 sumus».

1072 2489 1105 2576 Erat
1075 2366 1105 2482 autem
1072 2308 1106 2356 ibi
1074 2208 1107 2300 circa
1076 2047 1108 2198 montem

1134 2491 1168 2576 grex
1135 2251 1167 2435 porcorum
1136 2047 1169 2193 magnus

1187 2417 1219 2577 pascens.

1241 2516 1281 2576 (Et
1240 2182 1283 2461 deprecabantur
1251 2047 1276 2125 eum

1292 2434 1335 2576 spiritus
1293 2211 1336 2396 dicentes):
1295 2047 1329 2164 «mitte

1356 2512 1379 2577 nos
1346 2447 1379 2482 in
1356 2282 1388 2419 porcos,
1350 2210 1380 2248 ut
1347 2145 1380 2179 in
1357 2048 1381 2109 eos

1398 2365 1432 2578 introeamus
1413 2328 1434 2355 >›.

186 1865 220 2002 53—54:
185 1751 227 1852 Isque
185 1686 218 1743 ubi
189 1476 228 1678 pergentem

236 1805 270 1978 Christum
247 1721 279 1784 per
238 1597 272 1700 litora
239 1475 281 1576 vidit,

289 1918 322 2002 Cum
290 1750 323 1900 clamore
283 1666 324 1735 ruit
291 1476 334 1648 longeque

342 1667 376 1819 adcurrit
343 1476 377 1644 adorans:

417 1946 450 2003 55:
415 1728 458 1922 Regnantis
426 1570 460 1706 semper
419 1477 451 1549 Do-

468 1839 501 1921 mini
470 1625 504 1817 certissima
471 1477 512 1604 proles.

585 1862 619 2004 56—57:
583 1658 625 1819 Oramus,
595 1577 618 1621 ne
595 1476 618 1541 nos

635 1811 669 1935 solitae
636 1638 678 1789 regionis
637 1570 670 1615 ab
638 1476 671 1547 oris

688 1838 721 2005 Excutias
687 1698 731 1801 longe
690 1477 723 1660 tormentis

742 1477 775 1706 excruciatos.

806 1862 839 2006 58-59:
803 1752 836 1838 Nam
813 1603 837 1727 nomen
805 1476 847 1584 Legio

859 1950 890 2004 est
856 1837 900 1939 nobis
856 1631 898 1824 multosque
857 1554 890 1619 sub
868 1478 891 1547 uno

908 1860 943 2004 Nomine
909 1665 942 1844 consociat
909 1548 943 1651 flatus
910 1477 943 1533 vis

961 1658 994 1733 sola
962 1476 995 1637 nocendi.

1078 1947 1111 2004 60:
1074 1807 1108 1928 Cernis
1077 1756 1107 1795 ut
1075 1582 1108 1746 immundi
1075 1477 1109 1569 subi—

1130 1882 1171 1968 gant
1127 1774 1160 1860 haec
1136 1620 1169 1752 pascua
1128 1476 1170 1598 porci?

1246 1967 1278 2004 61
1254 1946 1276 1954 :
1243 1871 1276 1934 His
1242 1736 1276 1859 saltem
1242 1620 1276 1724 liceat
1243 1476 1277 1609 rabiem

1295 1683 1329 1812 satiare
1297 1475 1340 1662 repulsam,

292 1377 324 1433 29:
290 1294 322 1340 Et
299 1181 323 1263 ecce
290 909 323 1146 clamaverunt

342 911 376 1082 dicentes:

417 1379 450 1433 29:
414 1261 454 1348 Quid
415 1138 449 1239 nobis
418 1080 449 1115 et
415 985 457 1059 tibi,
414 910 447 958 fili

467 1346 500 1434 Dei?
467 1138 508 1287 (Venisti
467 1031 501 1098 huc
470 910 501 991 ante

523 1219 562 1354 tempus
523 1034 563 1196 torquere
529 948 553 1012 nos
519 910 561 940 ‘?)

1079 1377 1112 1433 30:
1076 1263 1109 1349 Erat
1079 1125 1110 1241 autem
1086 1034 1110 1103 non
1077 908 1119 1011 longe

1128 1389 1162 1432 ab
1129 1316 1162 1366 eis
1139 1210 1172 1294 grex
1139 1007 1171 1191 porcorum
1129 909 1162 992 mul-

1184 1321 1215 1434 torum
1191 1138 1224 1300 pascens.

1247 1378 1280 1434 31:
1245 1146 1279 1345 Daemones
1248 998 1279 1113 autem
1255 910 1279 965 ro-

1297 1303 1340 1435 gabant
1307 1200 1331 1277 eum
1298 999 1332 1171 dicentes:
1297 908 1332 963 «Si

1349 1352 1383 1434 eicis
1360 1235 1392 1315 nos,
1350 1092 1384 1189 mitte
1361 986 1384 1051 nos
1350 908 1384 943 in

1412 1294 1445 1435 gregem
1413 1055 1445 1273 porcorum».

189 811 222 868 28:
187 681 221 766 Cum
188 495 223 644 vidisset
192 343 224 459 autem

240 758 273 870 Iesum
241 530 281 725 prostravit
252 467 276 504 se
243 405 277 437 ei
246 341 277 377 et

292 660 325 868 exclamavit
303 519 327 610 voce
304 342 338 468 magna

343 735 377 868 dicens:

418 812 451 868 28:
417 692 456 780 Quid
417 581 450 663 mihi
422 515 452 551 et
419 422 453 487 tibi
424 340 454 395 est

470 773 503 869 Iesus
469 683 502 732 fili
470 576 503 643 Dei
471 342 505 526 altissimi?

521 716 555 868 Obsecro
524 666 555 700 te
533 608 556 651 ne
533 538 557 592 me
527 342 566 518 torqueas.

586 736 634 868 31:·Et
585 534 628 710 rogabant
587 414 620 509 illum
598 342 621 385 ne

637 683 679 869 imperaret
638 607 671 673 illis
638 517 672 596 utin
639 342 682 508 abyssum

689 770 723 869 irent.
689 369 692 371 ’

807 809 840 868 30:
805 558 848 794 Interrogavit
808 431 839 547 autem
816 342 840 419 eum

858 756 891 868 Iesus:
857 602 897 709 «Quid
857 502 892 566 tibi
868 341 892 467 nomen

910 752 944 867 est‘P».
911 676 944 725 At
911 607 944 663 ille
910 493 943 593 dixit:
924 461 938 475 «
911 342 953 449 Legio

973 744 996 867 nomen
965 652 996 705 est
963 493 1005 616 mihi»3
964 340 998 449 multa

1015 779 1049 866 enim
1015 619 1048 756 fuerant
1015 402 1050 596 daemonia.

1080 809 1113 868 32:
1078 688 1112 775 Erat
1081 538 1112 653 autem
1078 457 1112 506 ibi
1089 341 1121 425 grex

1140 684 1172 868 porcorum
1131 463 1164 647 multorum
1140 342 1172 422 pas-

1182 702 1216 866 centium:

1249 829 1280 866 et
1250 594 1289 809 rogaverunt
1247 468 1289 573 illum,
1249 399 1280 439 ut
1247 339 1280 373 in

1309 740 1341 867 porcos
1299 532 1333 716 introirent
1325 502 1333 510 .
1325 469 1333 477 .
1324 435 1334 443 .
1324 403 1334 411 .

1474 2515 1513 2540 ¹)
1473 2360 1506 2492 Versus
1473 2268 1507 2332 Mc.
1473 2214 1507 2245 V
1476 2169 1509 2192 8
1473 1975 1507 2140 «dicebat
1474 1839 1508 1947 enim
1474 1739 1506 1811 illi»
1487 1692 1501 1705 «
1473 1627 1507 1680 exi
1475 1455 1517 1598 spiritus
1476 1256 1511 1427 immunde
1477 1182 1511 1227 ab
1477 991 1511 1153 homine»
1478 808 1511 961 Iuvenco
1479 725 1510 778 est
1478 363 1521 703 praetermittendus,

1525 2635 1567 2728 quod
1525 2554 1561 2613 illo
1535 2425 1559 2532 versu
1526 2300 1560 2411 verba
1537 2159 1561 2284 versus
1530 2125 1562 2143 7
1527 1970 1567 2099 «Quid
1527 1847 1560 1946 mihi
1530 1786 1561 1827 et
1526 1686 1560 1764 tibi
1530 1597 1561 1663 est
1552 1565 1561 1572 .
1552 1534 1562 1542 .
1553 1503 1562 1511 .
1529 1460 1561 1477 ⁴?
1529 1317 1563 1437 adiuro
1533 1260 1564 1294 te
1540 1175 1573 1238 per
1531 1040 1573 1152 deum,
1541 968 1565 1018 ne
1540 888 1564 948 me
1533 663 1573 865 torques»
1541 548 1574 637 quae
1532 362 1575 525 neglexit,

1581 2523 1621 2730 argumenta
1578 2245 1613 2501 confirmantur.

885 236 932 276 19
