1800 2904
881 135 932 174 50

363 240 701 291 Evangelista.
1156 243 1422 286 Iuvencus,

185 322 283 355 Mtth.
319 322 438 356 XVII
471 326 507 358 8:
548 322 723 356 Levantes
763 325 878 356 autem
1081 324 1197 358 Mtth.
1221 325 1319 359 XVII
1341 328 1361 360 8

227 375 344 408 oculos
381 385 463 408 suos
500 376 672 408 neminem
716 376 878 408 viderunt
946 372 1511 441 emt

227 428 298 461 πίει·
322 428 434 462 solum
457 429 585 463 Iesum.
976 451 1089 485 Mtth,
1114 452 1232 487 XVII
1255 455 1296 488 10

942 495 1313 515 ww

943 518 981 549 et
1002 527 1096 550 voce
1118 516 1349 559 requirunt

184 576 282 610 Mtth.
299 577 413 611 XVII
432 581 494 613 10:
516 578 612 611 Tunc
627 578 877 621 interr-oya·

226 633 379 663 verunt
412 631 537 664 illum
567 631 783 674 discipuli
814 632 877 664 di·
947 625 1018 658 Cur
1041 625 1183 667 scriptis
1205 627 1357 658 veterum
1379 626 1439 658 etc.

225 694 242 716 c
251 695 266 716 e
275 695 298 716 ri
307 686 344 717 te
352 694 386 717 s:
411 684 505 727 Quid
528 695 608 727 erqo
633 686 693 718 etc.
716 686 776 718 etc.

290 763 419 802 intra
446 774 587 801 unum
618 774 811 812 quoque
841 773 1040 801 versum
1075 762 1364 809 transponit
1392 761 1631 800 Iuvencus

182 823 424 863 interdum
452 825 618 864 verba:

289 898 422 938 Veluti
452 898 560 951 apud
589 900 657 939 Le.
678 900 716 939 II
740 900 790 939 48
819 899 1005 950 legimus:
1038 914 1071 938 <‹.
1095 930 1101 937 .
1125 929 1132 936 .
1157 929 1164 937 .
1188 901 1227 938 et
1254 897 1361 938 dixit
1386 900 1515 939 mater
1543 897 1630 939 eius

183 963 237 1003 ad
263 963 402 1017 illum:
433 961 524 1003 Fili
551 963 652 1014 quid
677 963 810 1016 fecisti
837 962 953 1004 ‘nobis
980 962 1065 1003 sic?
1101 975 1184 1003 ecce
1211 965 1333 1014 pater
1368 965 1464 1003 tuus
1498 965 1537 1003 et
1563 976 1630 1016 eqo

182 1028 359 1069 dolentes
392 1027 686 1079 quaerebamus
722 1031 800 1069 te».
855 1028 939 1068 Sed
975 1029 1170 1068 Iuvencus
1203 1028 1413 1068 verborum
1449 1027 1628 1068 ordinem

179 1094 362 1131 immutat
394 1093 413 1131 I
444 1090 522 1131 296
552 1104 630 1142 sq.:

264 1182 297 1205 «.
329 1195 337 1204 .
368 1195 377 1204 .
407 1195 416 1204 .
448 1168 493 1207 at
513 1166 591 1217 pia
618 1168 768 1207 mater:

286 1228 406 1281 Nate,
436 1229 499 1270 ait
526 1229 723 1270 amissum
754 1229 934 1270 lacrimis
964 1232 1000 1270 te
1028 1242 1178 1280 quaero
1199 1229 1384 1282 profusis

289 1293 434 1334 Anxia
463 1307 553 1334 cum
578 1293 761 1346 qenitore
785 1306 957 1346 qemeus.
1016 1294 1128 1343 Quae
1156 1306 1281 1335 caasa
1302 1296 1534 1345 pareutum·

288 1357 504 1398 Discernit
528 1370 671 1410 yressu
702 1357 915 1409 templique
942 1357 990 1398 in
1017 1357 1106 1398 sede
1133 1356 1338 1399 retentat?
1349 1374 1366 1394 »

180 1432 282 1472 Puto
303 1433 519 1473 Iuvencum
548 1433 843 1484 transposuisse
872 1436 1035 1485 propter
1063 1433 1288 1484 elegantem
1314 1432 1626 1485 dispositionem.

179 1497 320 1546 Itaque
354 1497 466 1548 ponit
493 1497 620 1548 primo
649 1496 736 1536 loco
766 1508 882 1547 rem,
918 1495 967 1536 de
1003 1508 1081 1547 qua
1116 1498 1248 1548 agitur
1276 1494 1474 1549 (296s97)‚
1508 1508 1626 1547 quam

180 1561 358 1609 sequitur
392 1561 618 1610 quaestio
649 1559 775 1611 (298),
813 1561 875 1599 eui
910 1561 1162 1599 continuatur
1197 1561 1330 1599 statim
1366 1560 1627 1611 responsio

181 1621 277 1674 (299
306 1622 384 1675 sq.)
1587 1626 1589 1628 '

284 1685 480 1725 Matthaei
507 1686 632 1726 verba
661 1686 736 1725 VII
766 1685 835 1725 22:
874 1684 1033 1726 «Multi
1068 1686 1203 1726 dicerit
1234 1685 1336 1726 mihi
1364 1686 1411 1726 in
1439 1686 1517 1727 illa
1545 1685 1625 1726 die:

180 1748 349 1798 domiue,
380 1748 550 1797 domiue,
589 1761 727 1789 ‘nonne
754 1748 802 1788 iii
837 1750 904 1788 tuo
936 1748 1101 1789 nomine
1129 1749 1472 1801 prophetavimus,
1509 1752 1548 1789 et
1579 1749 1628 1789 iri

177 1812 341 1852 nomine
361 1815 429 1852 tuo
448 1811 663 1852 daemonia
683 1812 860 1861 eicimus,
891 1814 930 1851 et
948 1811 995 1852 in
1016 1814 1083 1852 tuo
1101 1812 1265 1853 nomine
1283 1813 1455 1853 virtutes
1473 1813 1628 1853 vmultas

177 1875 389 1926 fecimus».
461 1876 657 1915 Iuvencus
700 1876 944 1926 transponit,
994 1887 1083 1915 cum
1131 1875 1250 1915 facit
1291 1877 1625 1926 quaestionem

178 1939 526 1990 evangelistae
556 1939 775 1978 ultimam
803 1939 1002 1990 primam
1031 1938 1050 1977 I
1079 1938 1247 1991 709s10:

316 2011 492 2052 «Nonne
522 2015 589 2052 tuo
618 2011 825 2063 quondam
853 2024 1028 2064 maynae
1054 2012 1128 2053 sub
1156 2006 1320 2053 nomine
1345 2012 1461 2053 uobis

352 2075 531 2117 Virtutes
558 2076 713 2117 sanctis
741 2076 987 2117 domuerunt
1012 2076 1151 2117 omnia
1178 2075 1330 2117 iussis?
1342 2093 1359 2113 »
1406 2081 1408 2083 “

178 2151 280 2189 Tum
310 2150 429 2190 affert
458 2151 728 2200 quaestiones,
765 2162 867 2200 quae
897 2150 1003 2202 apud
1032 2150 1320 2202 evangelistam
1349 2152 1507 2203 positae
1536 2154 1627 2190 sunt

179 2214 266 2253 loeo
294 2214 335 2253 in
363 2214 495 2265 priore
524 2217 564 2253 et
593 2213 731 2264 altero,
766 2225 903 2253 earum
939 2213 1118 2253 ordinem
1146 2214 1341 2255 obtinens.
1397 2215 1524 2254 Poeta
1551 2213 1626 2253 hoc

181 2288 338 2327 quoque
373 2277 460 2316 loco
495 2277 752 2326 quaestiones
795 2277 1089 2328 transposuisse
1132 2276 1226 2316 mihi
1267 2274 1424 2320 videtur
1463 2280 1626 2328 propter

176 2339 478 2392 dispositionem
507 2339 744 2390 elegantem.
792 2340 1000 2379 Primum
1028 2340 1126 2380 facit
1148 2341 1263 2382 illos
1281 2342 1328 2381 in
1347 2341 1625 2381 universum

177 2406 487 2455 quaerentes:
533 2415 725 2444 «norme
758 2402 975 2444 virtutes
1007 2404 1192 2446 multas
1230 2404 1485 2457 fecimus»,
1527 2408 1623 2445 tum

175 2468 273 2508 facit
300 2467 412 2507 illos
440 2468 748 2519 proferentes
777 2469 917 2519 quasi
947 2469 1169 2520 exempla
1192 2480 1374 2521 paucas
1393 2469 1625 2520 virtutes,

175 2543 276 2583 quas
312 2530 548 2583 effecerunt,
577 2531 699 2571 veluti
732 2543 808 2571 «se
829 2531 1234 2583 prophetavisse»
1267 2535 1307 2571 et
1338 2531 1624 2573 «daemonia

176 2594 379 2635 eiecisse
405 2594 494 2634 sub
522 2595 717 2635 nomine
746 2594 895 2635 eius».
