1800 2904
781 824 1021 881 Vita.

291 1003 448 1065 Natus
477 1038 562 1065 sum
592 1027 894 1067 Hermannus
914 1028 1154 1079 Iosephus
1172 1026 1473 1066 Benedictus
1493 1026 1620 1066 Wid-

183 1101 320 1128 mann
340 1102 375 1128 a.
393 1088 431 1127 d.
446 1090 514 1129 IV.
530 1089 587 1128 Id.
605 1091 677 1129 Iul.
694 1091 1048 1131 MDCOCLXXXI
1062 1091 1187 1141 Aquis
1201 1091 1403 1130 Mattiacis
1418 1091 1458 1129 in
1472 1090 1621 1130 Hasso-

181 1153 382 1192 Nassovia
417 1154 622 1203 provincia
655 1155 743 1194 sitis
777 1155 1010 1206 parentibus
1045 1155 1206 1194 Simone
1243 1155 1360 1193 Petro
1394 1153 1621 1206 widmann,

181 1215 458 1267 philosophiae
502 1216 677 1268 doctore,
724 1222 764 1257 et
806 1218 1004 1270 Iohanna,
1051 1218 1133 1257 filia
1183 1217 1405 1257 medicinae
1448 1217 1621 1257 doctoris

182 1279 342 1331 Iosephi
373 1280 586 1331 Schwann‚
615 1294 715 1332 quos
743 1283 854 1322 Deus
883 1282 1067 1334 Optimus
1086 1282 1284 1321 Maximus
1312 1293 1436 1331 usque
1466 1280 1518 1321 ad
1546 1281 1621 1321 hoc

180 1346 338 1395 tempus
367 1347 619 1384 conservavit
655 1350 695 1385 et
731 1359 967 1386 conservare
1003 1346 1109 1385 velit.
1166 1345 1281 1384 Fidei
1318 1358 1402 1385 sum
1437 1343 1620 1384 addictus

181 1407 417 1447 catholicae.
463 1408 585 1447 Pater
613 1421 724 1448 meus
752 1413 835 1449 tum
863 1414 949 1449 erat
969 1411 1159 1460 magister
1178 1409 1402 1448 ordinarius
1421 1409 1620 1459 gymnasii

181 1471 281 1520 regii
310 1471 617 1511 Wisibadensis.
672 1472 787 1511 Anno
820 1473 920 1512 1885
950 1476 1081 1512 autem
1111 1471 1340 1523 praefectus
1370 1474 1431 1510 est
1460 1470 1619 1510 scholae

180 1533 519 1586 Lahnsteiniensi‚
556 1536 593 1574 in
631 1548 750 1586 quam
785 1537 927 1576 litteris
964 1537 1232 1576 elementariis
1260 1535 1434 1574 imbutus
1461 1536 1618 1574 intravi.

179 1599 397 1647 Postquam
426 1597 531 1637 hanc
559 1598 737 1638 scholam
767 1599 1017 1650 frequentavi
1046 1611 1171 1649 usque
1198 1598 1250 1638 ad
1270 1598 1441 1638 classem
1460 1599 1619 1637 tertiam

179 1662 408 1701 inferiorem
437 1674 500 1701 me
529 1662 675 1702 contuli
701 1663 741 1702 in
762 1664 1013 1715 gymnasium
1032 1664 1185 1714 regium
1204 1662 1313 1702 urbis
1333 1661 1619 1713 Confluentiae,

179 1727 291 1766 cuius
333 1738 458 1776 usque
501 1726 554 1765 ad
596 1727 766 1766 classem
808 1729 976 1779 primam
1018 1727 1247 1766 inferiorem
1289 1726 1345 1765 fui
1388 1726 1616 1778 discipulus.

179 1789 261 1830 Sed
304 1802 392 1829 cum
436 1789 488 1828 ad
530 1793 685 1841 patrem
727 1803 830 1830 anno
871 1790 972 1830 1899
1008 1790 1260 1842 gymnasium
1294 1791 1446 1840 regium
1482 1788 1618 1841 oppidi

178 1854 465 1893 Posnaniensis
480 1854 542 1892 cui
558 1857 619 1893 est
635 1866 779 1909 nomen
794 1854 1065 1905 Wongrowitz
1080 1853 1256 1893 delatum
1271 1856 1390 1904 esset,
1409 1854 1619 1904 gymnasio

179 1916 454 1956 Confluentino
483 1916 709 1956 valedicere
739 1921 779 1956 et
807 1917 918 1956 adire
947 1917 1044 1955 illud
1064 1919 1317 1968 gymnasium
1337 1920 1499 1955 coactus
1519 1928 1617 1954 sum.

178 1980 420 2020 Maturitatis
456 1981 725 2020 testimonium
761 1980 932 2033 adeptus
966 1993 1102 2020 mense
1136 1980 1281 2020 Martio
1316 1980 1409 2019 anni
1442 1979 1541 2019 1900
1578 1980 1619 2018 in

177 2044 429 2084 academiam
457 2044 814 2084 Vratislaviensem
848 2046 1029 2095 migravi,
1064 2048 1106 2083 ut
1140 2045 1180 2083 in
1217 2042 1350 2083 studia
1377 2042 1618 2094 philologica

177 2109 401 2158 linguarum
438 2111 477 2146 et
513 2111 690 2147 veterum
727 2112 767 2147 et
801 2120 1016 2158 germanae
1058 2107 1340 2147 incumberem.
1402 2106 1499 2146 Post
1540 2105 1618 2145 duo

177 2172 387 2211 semestria
415 2172 554 2210 transii
573 2183 667 2210 vere
688 2172 781 2211 anni
804 2171 900 2210 1901
924 2172 965 2210 in
983 2172 1286 2210 universitatem
1306 2170 1617 2220 Berolinensem‚

177 2235 242 2273 ubi
273 2235 476 2285 magistris
504 2247 599 2273 usus
628 2247 713 2274 sum
742 2236 838 2274 viris
860 2234 1100 2274 doctissimis
1118 2234 1198 2273 his:
1227 2233 1388 2273 Kekule
1406 2246 1482 2273 vo‘n
1502 2232 1616 2272 Stra-

178 2297 334 2346 dom‘tz,
378 2296 430 2336 R.
474 2297 712 2348 Lehmann,
761 2298 978 2350 Roediyer,
1027 2297 1157 2337 Erich
1199 2296 1397 2346 Schmidt,
1449 2295 1615 2345 Vahlen,

175 2374 254 2401 von
297 2361 874 2413 Wilamowite-Moellendorff.
939 2362 1019 2401 Sex
1054 2361 1256 2401 mensibus
1290 2361 1516 2413 praeteritis
1558 2373 1616 2400 re-

175 2427 277 2465 verti
305 2426 602 2465 Vratislaviam.
652 2427 870 2477 Postquam
898 2437 970 2477 per
998 2425 1075 2464 tria
1105 2425 1313 2464 semestria
1341 2424 1617 2475 proseminarii

175 2489 405 2541 philologici
447 2488 596 2529 sodalis
640 2489 709 2539 fui,
750 2493 940 2529 autumno
982 2489 1075 2527 anni
1112 2488 1213 2528 1902
1256 2488 1405 2527 ascitus
1446 2500 1531 2527 sum
1573 2488 1613 2526 in

174 2564 381 2591 numerum
412 2551 606 2591 sodalium
636 2551 924 2591 ordinariorum
954 2550 1132 2591 eiusdem
1162 2550 1376 2601 seminarii,
1410 2551 1521 2590 cuius
1555 2550 1612 2590 fui

175 2617 377 2667 particeps
406 2627 477 2667 per
506 2616 582 2654 tria
604 2617 824 2655 semestria.
872 2615 948 2654 Per
968 2618 1154 2665 quattuor
1173 2614 1382 2654 semestria
1401 2615 1612 2655 seminario
