1800 2904
861 171 912 209 74

271 277 290 315 Ι
373 277 415 315 4:
444 276 490 315 vi
523 288 715 326 superum
747 287 890 329 saevae
923 288 1131 315 memorem
1165 275 1343 317 Iunonis
1376 276 1421 317 ob
1457 275 1602 325 iram,

273 340 291 378 Ι
324 339 417 380 129;Ι
445 339 691 391 fluctibus
719 352 919 390 oppressos
950 340 1078 380 Troas
1105 340 1285 391 caelique
1311 341 1487 391 ruina,

219 407 390 455 apparet
420 416 469 443 ex
498 416 616 443 versu
645 403 738 443 hoe:

271 468 354 507 Iuv.
392 468 432 506 II
468 468 563 508 475:
607 467 901 518 Discipulus
939 481 1163 519 numquam
1204 469 1468 508 transcendat
1502 468 1605 508 celsa

604 531 852 581 maqistri,
1478 540 1483 544 “

217 595 257 633 in
287 607 363 645 quo
392 595 556 634 verbum
588 594 922 645 «discipulus»
954 595 1074 635 verbo
1096 596 1306 647 opponitur
1334 595 1456 635 verbo
1483 607 1605 635 «ma—

215 658 410 710 yistri».
465 659 571 709 Ergo
592 659 788 698 Iuvencus
811 671 894 698 rem
920 660 1157 711 oppositam,
1184 672 1286 709 quae
1310 660 1470 698 verbis
1489 660 1605 709 inest,

218 724 441 772 speciosam
462 726 502 761 et
520 722 712 761 illustrem
733 722 901 762 reddere
921 723 1005 762 vult
1024 723 1437 762 substantivorum
1457 722 1605 761 eollo-

219 787 418 825 eatione.
491 787 656 826 Praeter
699 786 773 825 hoe
817 786 1042 837 exemplum
1086 787 1338 825 inveniuntur
1374 785 1482 837 apud
1519 787 1604 824 Iuv.

219 849 370 888 decem.
424 849 525 888 Sunt
553 849 670 888 haee:
701 850 719 887 I
740 849 829 900 641,
859 849 949 900 650,
978 845 1069 899 691,
1098 849 1188 900 695,
1218 849 1316 899 7073
1345 849 1385 887 II
1417 849 1476 900 15,
1506 849 1604 900 4593

217 914 278 951 III
308 913 371 963 49,
404 913 490 963 102,
523 913 609 952 113.
665 913 863 962 Vergilius
899 912 1020 951 habet
1054 914 1093 950 in
1121 912 1300 951 Aeneide
1329 912 1379 952 65
1409 912 1604 963 exempla.

178 977 244 1016 IV.
272 978 374 1016 Duo
403 977 481 1016 vel
508 977 672 1028 plures
699 988 866 1016 versus
895 977 1111 1016 continui
1138 977 1379 1028 incipiunt
1407 989 1432 1016 a
1460 976 1604 1016 verbo

272 1041 435 1080 finito:

323 1104 363 1154 a)
395 1105 552 1143 Verba
580 1117 699 1154 quae
727 1118 813 1143 non
841 1103 1078 1143 similiter
1106 1103 1352 1143 desinunt:

393 1168 511 1218 Verg.
548 1169 602 1207 VI
636 1169 714 1207 424
749 1172 826 1218 sq.:
857 1170 1061 1217 occupat
1079 1166 1240 1206 Aeneas
1267 1167 1424 1207 aditum
1448 1167 1606 1207 custode

1106 1231 1259 1280 sepulto

855 1307 903 1333 ev
912 1306 937 1334 a
947 1293 994 1334 di
1005 1296 1102 1345 tque
1127 1294 1229 1333 celer
1254 1293 1395 1347 ripam*
1407 1293 1603 1333 inremea-

1107 1357 1200 1397 bilis
1228 1358 1376 1397 undae.

392 1422 510 1473 Verg.
531 1421 665 1461 11234
686 1434 742 1472 sq.
760 1434 823 1472 sq:
854 1421 1121 1462 dividimus
1161 1433 1316 1471 mur03,
1369 1423 1407 1460 et
1446 1420 1604 1461 moenia

419 1494 421 1497 ⁴
1100 1485 1325 1535 pandimus
1353 1484 1478 1524 urbis.

854 1548 1136 1599 Accinqunt
1167 1561 1301 1588 omnes
1335 1547 1455 1598 operi,
1492 1547 1604 1598 pedi-

1107 1612 1255 1662 busque
1281 1604 1486 1651 rotarum*

851 1675 1133 1716 subiiciunt
1176 1676 1314 1726 lapsus
1356 1678 1394 1714 et
1432 1677 1600 1725 stuppea

1102 1739 1270 1779 vincula
1297 1739 1394 1779 eollo

848 1803 1142 1843 intendunt.

382 1869 465 1908 Iuv.
527 1870 543 1907 I
603 1868 677 1907 156
740 1863 817 1918 sqss:
848 1867 1074 1908 Solvitur
1094 1870 1321 1918 etpuerum
1335 1866 1459 1907 veteri
1474 1879 1598 1907 cuna-

1103 1931 1201 1971 bula
1231 1934 1344 1971 textu

850 1995 1122 2035 Involvunt
1151 2027 1158 2035 .
1190 2027 1197 2035 .
1229 2027 1237 2034 .
1268 2026 1275 2033 .

386 2060 467 2097 Iuv.
530 2059 548 2097 I
607 2059 680 2097 109
741 2071 818 2108 sq.:
851 2057 1444 2108 Concelebrantnomenque
1464 2058 1600 2097 iubent

1099 2123 1290 2173 genitoris
1318 2122 1479 2162 habere.

851 2186 1042 2226 Abnuit
1074 2186 1149 2225 hoo
1185 2188 1378 2237 genetrix,
1425 2186 1496 2225 sed
1532 2186 1598 2225 Jo-

1102 2250 1254 2289 hannes
1283 2251 1476 2290 vocitetur

850 2304 1144 2365 Inqeminat
1172 2345 1179 2351 .
1212 2344 1219 2351 .
1251 2342 1298 2351 ..

216 2381 261 2417 In
293 2379 341 2417 35
372 2378 568 2429 exemplis
597 2378 790 2428 incipiunt
826 2376 903 2417 duo
941 2389 1080 2416 versus
1116 2378 1289 2417 continui
1326 2390 1350 2416 a
1384 2376 1527 2428 verbis,
1564 2377 1603 2415 in

212 2443 237 2482 8
268 2446 349 2482 tres
377 2454 516 2481 versus
546 2443 731 2481 continui.

320 2505 363 2557 b)
392 2506 549 2545 Verba
579 2518 700 2555 quae
728 2505 969 2545 similiter
998 2504 1194 2544 eadunt:

393 2570 531 2620 Verg.
561 2569 616 2608 VI
646 2569 722 2608 216
743 2582 822 2620 sq.:
852 2569 1083 2609 intexunt
1114 2569 1246 2609 latera
1276 2600 1282 2607 .
1316 2599 1324 2607 .
1355 2599 1362 2606 .

848 2633 1166 2673 constituunt
1197 2632 1464 2683 decorantque
1490 2663 1497 2670 .
1526 2663 1533 2669 .
1563 2655 1599 2669 .-
