1800 2904
913 209 938 249 9

261 318 295 357 εἰ
322 316 477 368 ἔρχεται
490 314 626 359 ιΗλιάς
647 318 804 355 σώσων
833 315 965 355 αὐτόν»
996 317 1037 355 in
1065 316 1247 356 omnibus
1275 315 1481 356 codicibus
1509 314 1644 354 latinis

259 394 330 434 per
367 380 638 421 «liberare»
682 379 860 420 redditur
901 384 1068 432 excepto
1111 380 1435 420 claromontano.
1455 377 1535 431 (h),
1576 379 1643 417 ubi

260 447 445 485 accurate
482 446 648 492 vertitur
689 457 761 497 per
805 444 1072 485 «salvare».
1137 444 1253 493 Quod
1289 446 1486 484 Iuvencus
1523 444 1643 483 etiam

259 509 427 561 praebet
453 510 582 549 minus
600 511 829 549 accuratum
852 508 1073 548 «liberare»
1095 509 1151 548 IV
1170 509 1260 560 700,
1288 521 1367 548 non
1388 507 1527 546 dubito
1550 508 1642 557 quin

261 586 283 614 e
310 572 491 615 versione
519 573 646 613 latina
672 572 869 625 petiverit.

313 650 525 691 Iuvencum
559 653 711 689 textum
744 650 911 689 latinum
948 647 1178 688 adhibuisse
1220 647 1326 697 quod
1368 647 1643 686 demonstrare

207 716 405 768 volumus,
444 713 552 754 haud
593 714 675 755 scio
718 727 769 753 an
809 712 971 766 probari
1011 713 1139 764 possit
1179 724 1273 762 qua
1310 712 1499 752 ratione
1533 723 1642 751 con-

209 769 504 820 structiones
549 778 892 829 participiales
940 779 1101 816 textus
1149 776 1314 826 graeci
1355 774 1641 814 reddiderit.

207 842 466 893 Partieipium
501 853 693 893 praesens
730 841 790 878 «οἱ
823 841 865 878 δὲ
895 839 1084 881 ἐσθίοντες
1114 868 1124 877 .
1155 870 1162 877 .
1193 869 1202 877 .
1233 855 1266 877 .>>
1302 838 1481 878 redditur
1513 840 1553 877 in
1581 839 1643 879 his

208 905 411 946 codicibus
438 904 574 943 latinis
606 901 1046 943 «manducantium
1080 905 1214 942 autem
1245 901 1352 953 fuit
1376 913 1639 942 numerus»

207 970 248 1007 in
275 967 353 1007 illis
385 970 447 1007 «et
472 969 617 1007 erant
643 966 727 1017 qui
753 966 1142 1007 manducaverunt».
1190 966 1352 1005 Iuvenei
1370 965 1495 1005 verba
1514 966 1638 1005 11191

211 1033 498 1072 «conantum
509 1043 761 1071 numerus.
780 1061 788 1070 .
807 1061 815 1069 .
836 1029 959 1069 fuit»
977 1042 1101 1081 prope
1117 1033 1339 1080 congruunt
1353 1041 1442 1069 cum
1460 1030 1643 1069 versione

207 1095 276 1134 illa
304 1098 436 1135 textus
464 1094 577 1150 latini
608 1092 1046 1134 «manducantium
1074 1095 1209 1133 autem
1234 1093 1339 1144 fuit
1364 1105 1642 1143 numerus»,

208 1170 287 1209 qua
327 1170 376 1197 ex
418 1158 678 1208 congruentia
718 1156 900 1197 concludi
940 1160 1072 1208 potest
1109 1157 1324 1196 Iuveneum
1366 1160 1478 1196 textu
1518 1157 1643 1197 latino

207 1233 320 1261 usum
349 1233 451 1272 esse,
479 1222 519 1259 in
548 1232 626 1270 quo
653 1221 906 1272 participium
935 1219 1073 1259 eodem
1104 1219 1221 1259 modo
1249 1219 1448 1259 redditum
1477 1225 1576 1259 erat.

311 1295 375 1343 Ita
402 1306 466 1334 res
495 1306 538 1334 se
566 1293 714 1334 habere
743 1293 838 1333 mihi
865 1293 1021 1333 videtur
1050 1294 1090 1332 in
1118 1293 1181 1333 his
1208 1294 1419 1345 exemplis:

364 1367 476 1406 Mtth.
501 1367 575 1406 XV
604 1367 655 1406 20
686 1369 829 1405 «ταῦτά
857 1367 955 1405 ἐστιν
984 1368 1034 1405 τὰ
1063 1370 1301 1404 κοινοῦντα
1329 1368 1389 1404 τὸν
1417 1367 1637 1417 ἄνθρωπον»

258 1430 437 1470 redditur
455 1430 637 1470 omnibus
654 1431 696 1469 in
719 1429 923 1470 codicibus
951 1430 1085 1469 latinis
1112 1442 1184 1481 per
1215 1429 1390 1470 «haec»
1422 1431 1485 1470 vel
1517 1430 1641 1471 «illa

258 1496 377 1534 sunt
415 1507 535 1544 quae
575 1493 867 1544 coinquinant»
917 1494 981 1533 vel
1025 1494 1346 1534 «communicant
1393 1494 1614 1534 hominem»
1626 1508 1642 1543 ;

259 1557 439 1597 similiter
473 1557 642 1607 legimus
680 1556 787 1609 apud
821 1557 906 1597 Iuv.
941 1570 1095 1608 quoque
1127 1557 1190 1596 III
1229 1558 1302 1597 173
1348 1557 1484 1598 «haec
1523 1561 1643 1598 sunt

260 1633 382 1671 quae
408 1620 621 1661 maculant
647 1619 883 1660 hominem».

364 1684 622 1735 Participium
662 1683 706 1721 «ὁ
739 1682 963 1722 πιστεύων
994 1684 1045 1725 εἰς
1077 1684 1169 1733 ἐμέ»
1201 1684 1284 1724 Ioh.
1314 1684 1373 1723 XI
1402 1683 1452 1723 25
1480 1685 1520 1723 in
1554 1697 1639 1724 ver-

260 1747 437 1787 sionibus
470 1747 605 1787 latinis
639 1746 866 1787 dissolvitur
901 1749 1098 1788 sententia
1132 1747 1301 1787 relativa¹
1339 1748 1446 1799 «qui
1483 1749 1642 1789 credit

258 1810 307 1851 in
333 1823 432 1863 me»,
461 1823 581 1861 quam
609 1812 847 1852 sententiam
875 1811 1083 1852 relativam
1104 1812 1300 1852 Iuvencus
1319 1812 1374 1852 IV
1393 1813 1470 1852 350
1499 1814 1640 1865 recipit

263 1874 333 1915 «in
359 1888 421 1914 me
447 1874 534 1926 qui
561 1874 752 1915 credit».

312 1948 504 1991 Graviore
533 1952 765 2000 argumento
794 1952 885 1989 sunt
911 1949 1012 1990 haec
1040 1949 1118 1990 duo
1148 1950 1350 2002 exempla:

364 2023 557 2065 Matthaei
585 2024 710 2064 verba
736 2024 872 2065 XXVI
900 2024 950 2064 37
982 2026 1286 2077 «παραλαβὼν
1315 2025 1376 2063 τὸν
1406 2024 1548 2076 Πέτρον
1577 2028 1640 2065 καὶ

259 2086 346 2129 τοὺς
388 2086 456 2125 δύο
499 2086 601 2130 υἱοὺς
646 2085 877 2140 Ζεβεδαίου»
922 2089 963 2127 in
1003 2089 1182 2140 plurimis
1223 2089 1471 2129 versionibus
1505 2090 1640 2130 latinis

258 2148 477 2192 redduntur
501 2152 793 2196 constructione
823 2151 1034 2193 ablativi
1062 2153 1273 2193 absoluti
1305 2156 1367 2193 «et
1393 2157 1640 2205 assumpto

257 2213 408 2254 Petro
449 2217 488 2254 et
528 2215 681 2255 duobus
715 2215 817 2265 filiis
852 2215 1070 2256 Zebedaei»
1115 2220 1283 2268 excepto
1320 2217 1639 2268 Cantabrigiensi

259 2276 396 2318 codice
425 2279 491 2328 qui
520 2279 664 2319 retinet
691 2279 943 2331 participium
971 2280 1195 2331 praesentis
1222 2280 1446 2331 suscipiens
1476 2311 1482 2319 .
1506 2311 1514 2320 .
1535 2311 1544 2320 .
1566 2312 1574 2320 .
1605 2298 1637 2320 ».

257 2340 341 2383 Sed
376 2353 464 2381 cum
499 2343 696 2383 Iuvencus
722 2343 778 2383 IV
806 2342 883 2384 482
919 2346 962 2382 ut
994 2343 1150 2395 plurimi
1183 2343 1342 2384 codices
1370 2343 1520 2384 habeat
1548 2357 1638 2385 con-

258 2405 512 2445 structionem
541 2406 706 2449 ablativi
730 2406 915 2458 absoluti,
944 2418 1033 2446 eum
1052 2406 1155 2447 hanc
1175 2419 1196 2447 e
1216 2410 1327 2447 textu
1345 2407 1470 2448 latino
1488 2410 1637 2460 petisse

258 2468 512 2510 manifestum
540 2473 612 2510 est.

362 2545 426 2583 Ita
453 2556 517 2585 res
546 2556 589 2584 se
616 2544 738 2585 habet
765 2545 1105 2599 Mtth..XXVI·56
1134 2546 1239 2585 «τότε
1261 2547 1296 2584 οἱ
1316 2547 1484 2597 μαθηταὶ
1502 2549 1635 2590 πάντες

257 2605 456 2657 ἀφέντες
486 2607 596 2645 αὺτὸν
617 2606 795 2661 ἔφυγον»,
824 2622 900 2660 quo
918 2610 1005 2649 loco
1024 2611 1278 2662 participium
1301 2611 1438 2651 aoristi
1457 2611 1637 2662 legimus,

258 2669 363 2719 quod
390 2671 431 2709 in
451 2671 770 2722 Cantabrigiensi
799 2674 882 2713 solo
907 2675 1118 2725 participio
1141 2674 1504 2724 «relinquentes
1522 2688 1633 2714 eum»
