1800 2904
848 213 895 254 81

202 321 262 360 III
290 320 367 359 615
396 332 475 370 sq.:
512 351 519 358 .
551 350 560 359 .
591 351 599 359 .
630 352 639 360 .
667 320 927 372 infantum
957 350 965 358 .
995 348 1004 357 .
1037 351 1043 357 .
1076 351 1082 357 .
1110 319 1114 370 Ι
1142 319 1412 358 lactantum
1441 347 1449 355 .
1483 349 1488 354 .
1521 349 1529 357 .
1560 348 1567 355 .

202 384 257 424 IV
297 382 375 423 498
416 396 491 435 sq.:
536 415 585 424 ..
615 415 662 423 ..
707 383 959 435 temptatio
1002 414 1127 423 ....
1159 381 1400 435 {horrida
1441 399 1589 433 ··-·3

204 448 260 487 IV
287 448 361 487 583
391 460 466 498 sq.:
636 450 932 499 mentemque
1092 446 1098 498 Ι
1254 446 1441 485 tristem
1470 461 1589 494 ....;

209 511 265 551 IV
293 511 369 552 677
398 524 475 563 sq.:
506 544 514 552 .
544 543 552 550 .
585 543 592 550 .
624 543 631 550 .
664 511 892 563 loquellis
915 512 921 563 Ι
944 510 1141 551 insanis
1169 540 1177 548 .
1210 542 1216 548 .
1249 542 1255 548 .
1289 542 1296 548 .

310 586 441 639 Saepe
470 586 634 627 adhibet
652 587 847 626 Iuvencus
874 586 978 626 hanc
998 585 1297 625 collocationem
1329 583 1437 636 apud
1465 585 1586 636 parti·

208 651 366 704 cipium,
395 650 518 691 veluti
545 652 564 691 Ι
595 650 668 691 193
698 663 771 703 sq„
800 649 876 690 229
905 662 978 701 sq„
1006 649 1083 689 416
1114 661 1170 700 sq.
1201 652 1275 688 etc.

308 736 345 776 2.
373 737 551 776 Versus
586 737 684 776 exit
716 738 763 774 in
789 747 958 774 vocem
991 735 1143 773 levem
1179 736 1281 773 sive
1310 734 1587 773 adverbium

204 800 305 839 sive
324 812 584 851 pronomen
605 800 705 839 sive
725 799 772 837 in
786 797 1076 849 particulam
1092 798 1194 836 sive
1209 797 1354 836 aliam
1368 809 1527 836 vocem
1539 798 1587 845 1):

308 872 350 925 a)
379 886 548 913 versus
576 874 678 912 exit
704 874 752 911 in
772 871 1069 911 adverbium:
1098 872 1145 909 In
1164 875 1349 920 quattuor
1366 871 1490 919 libris,
1521 872 1587 919 qui

206 936 519 987 complectuntur
539 935 637 979 3211
656 946 854 985 versuum,
873 937 1035 973 exstant
1053 934 1094 972 in
1106 945 1246 974 versus
1266 934 1374 972 exitu
1394 933 1588 972 adverbia.

203 1000 321 1040 haec:
345 1015 362 1034 «
375 1012 527 1050 semper
542 999 566 1038 4
582 1006 630 1042 ><
645 1015 679 1051 »‚
702 1014 719 1034 «
732 1010 864 1049 nuper
879 998 903 1036 2
921 1006 969 1041 ><
984 1014 1017 1048 »‚
1040 1013 1057 1032 «
1069 1010 1261 1047 umquam
1277 998 1300 1035 3
1317 1005 1365 1040 ><
1378 1013 1411 1047 »‚
1434 1013 1451 1032 «
1463 1009 1587 1047 quou-

204 1063 296 1101 dam
318 1064 333 1101 l
359 1070 453 1112 ><>),
484 1062 597 1102 «alte
615 1062 638 1101 2
661 1069 757 1111 ><»‚
789 1073 1035 1111 «parumper
1065 1061 1201 1111 1><»‚
1233 1060 1429 1100 «silenter
1452 1062 1467 1099 l
1493 1068 1588 1111 ><»,

207 1127 330 1166 «ante
350 1144 399 1158 Ξ
420 1127 545 1166 antea
574 1124 652 1177 (III
681 1123 775 1177 707)
808 1125 825 1163 l
849 1132 897 1168 ><
912 1141 945 1173 »‚
977 1123 1158 1171 «intusjl
1184 1132 1231 1167 ><
1246 1140 1278 1176 ›>,
1312 1128 1429 1165 «αἠᾶ
1452 1125 1468 1163 l
1493 1132 1540 1167 ><
1555 1141 1587 1175 »,

206 1188 330 1227 «olim
361 1190 377 1226 l
409 1196 504 1238 ><»‚
544 1188 660 1227 «illic
692 1188 708 1225 l
739 1195 833 1238 ><»,
872 1188 1078 1227 «latenter
1114 1188 1130 1226 1
1162 1195 1256 1238 ><»‚
1296 1188 1407 1227 «late
1444 1188 1460 1225 1
1490 1196 1587 1238 ><>),

206 1263 361 1302 «aeque
390 1252 407 1290 l
431 1258 525 1302 ><»,
556 1263 650 1302 ergo
679 1251 719 1290 in
748 1262 902 1290 summa
930 1249 980 1290 25
1008 1249 1211 1290 adverbia.
1258 1251 1365 1302 Ergo
1393 1252 1588 1291 Iuvencus

204 1314 369 1354 adhibet
395 1315 498 1354 hanc
519 1316 820 1354 collocationem
839 1327 918 1353 non
938 1315 1099 1365 saepius
1119 1314 1307 1365 Vergilio,
1336 1314 1444 1365 apud
1470 1326 1587 1364 quem

202 1378 243 1416 in
284 1377 362 1417 900
395 1378 577 1418 versibus
611 1376 802 1417 Aeneidis
845 1377 935 1417 libri
970 1377 1025 1417 VI
1061 1376 1111 1415 20
1151 1378 1426 1429 inveniuntur3
1467 1379 1586 1417 immo

203 1441 403 1492 Vergilius
431 1445 594 1493 superat
621 1441 697 1481 hac
726 1443 766 1480 in
793 1453 836 1480 re
864 1442 1090 1480 Iuvencum.

308 1513 350 1567 b)
379 1515 557 1555 Versus
577 1515 741 1554 exitin
758 1526 1033 1567 pronomen:
1062 1516 1367 1566 pronominis
1387 1516 1585 1556 relativi

202 1579 426 1630 exemplum
455 1592 547 1619 non
575 1579 789 1631 invenitur3
824 1591 888 1630 pr.
918 1579 1176 1629 personale
1215 1580 1373 1630 ponitur
1400 1592 1517 1619 versu
1545 1581 1585 1618 in

202 1645 389 1681 exeunte:
435 1642 573 1682 «vobis
610 1643 656 1682 17
678 1650 774 1693 ><»,
815 1641 932 1682 ‘nobis
967 1641 990 1679 2
1016 1649 1110 1693 ><»‚
1150 1654 1219 1681 «se
1254 1642 1318 1694 (i‘n
1350 1641 1407 1695 se)
1448 1643 1584 1693 l><»‚

205 1708 272 1745 «te
299 1705 365 1757 (iu
393 1707 446 1757 te)
477 1708 620 1757 1><»3
647 1720 712 1758 pr.
739 1707 1070 1758 possessivum
1098 1706 1242 1756 legitur
1269 1708 1309 1745 in
1337 1720 1372 1746 v.
1394 1711 1584 1747 exeunte:

205 1772 397 1809 «noster»
441 1771 604 1821 eiusque
646 1782 763 1810 casus
804 1769 951 1820 obliqui
995 1769 1040 1808 15
1069 1776 1162 1821 ><»‚
1209 1772 1364 1809 «vester
1408 1771 1449 1809 11
1484 1778 1585 1821 ><»3

199 1847 265 1885 pr.
320 1833 753 1874 demonstrativum
806 1834 975 1873 occurrit
1020 1834 1061 1872 in
1105 1845 1244 1873 versus
1300 1835 1427 1873 exitu:
1486 1834 1587 1874 «ille

202 1898 251 1936 14
271 1905 366 1948 ><»‚
398 1897 503 1937 «iste
530 1898 555 1936 4
580 1906 674 1950 ><»‚
707 1897 940 1948 «i81><»,
972 1895 1067 1936 «hic
1095 1896 1119 1934 2
1146 1904 1239 1948 ><»‚
1278 1896 1410 1937 «idem
1438 1897 1461 1936 2
1490 1905 1585 1949 ><»3

205 1961 318 2011 «ipse
359 1961 382 2000 3
417 1969 519 2012 ><»3
558 1974 617 2013 pr.
661 1961 917 2012 qualitatis
959 1959 1055 1999 facit
1096 1972 1235 2000 versus
1279 1960 1415 2000 finem.
1460 1961 1586 2001 «talis

200 2024 224 2062 2
250 2032 346 2075 ><»‚
391 2027 561 2065 «tantus
602 2025 626 2064 3
653 2033 733 2068 ><»
794 2025 1019 2074 «uterque»
1064 2024 1227 2074 eiusque
1270 2024 1422 2064 formae
1465 2026 1488 2064 3
1515 2034 1585 2076 ><3

200 2100 265 2138 pr,
303 2087 634 2128 indefinitum:
680 2087 822 2128 «ullus
859 2088 986 2130 1><»
1048 2087 1291 2138 «quisquam
1333 2088 1356 2127 2
1381 2096 1459 2132 ><»
1521 2089 1586 2129 «si

204 2150 295 2201 qui-S·
324 2152 342 2190 Ι
367 2159 455 2202 ><»,
487 2153 615 2192 «alter
643 2152 667 2190 2
688 2160 766 2195 ><»

304 2223 342 2274 c)
389 2225 568 2265 Versus
613 2227 713 2265 exit
759 2227 806 2264 in
847 2225 1108 2264 numerale:
1155 2226 1195 2263 in
1244 2237 1383 2265 «uuus
1428 2227 1452 2265 6
1489 2235 1536 2269 ><
1575 2259 1583 2278 ‚

202 2302 219 2321 «
231 2286 408 2337 quinque
450 2288 474 2325 2
503 2297 596 2339 ><»‚
640 2289 773 2329 «alter
812 2287 884 2340 (IV
920 2287 1013 2340 236)
1053 2301 1123 2340 pro
1170 2289 1399 2329 «secundus
1437 2290 1453 2328 1
1489 2300 1584 2342 ><»,

201 2353 377 2402 «Septem
410 2352 423 2389 l
450 2359 546 2395 ><».

303 2425 346 2477 d)
380 2426 558 2465 Versus
594 2429 697 2466 exit
730 2428 776 2465 in
811 2428 1246 2478 praepositionem:
1289 2427 1430 2467 Habeo
1465 2441 1584 2468 unum

199 2492 353 2529 tantum
383 2490 624 2541 exemplum:
653 2491 713 2530 III
736 2490 812 2530 409
844 2506 861 2526 «
873 2502 1000 2540 supra
1012 2507 1045 2541 »,
1075 2504 1151 2541 quo
1181 2492 1219 2529 in
1247 2503 1364 2530 versu
1397 2505 1580 2543 «supra»

251 2682 277 2723 1)
301 2682 338 2714 N.
365 2682 384 2714 1.
409 2693 438 2715 c.
461 2693 494 2724 p.
518 2685 573 2718 391
605 2693 654 2725 sq.
