1800 2904
878 254 925 293 17

177 371 265 400 cum
279 359 414 399 Marco
432 370 679 411 comparans,
702 360 827 400 Marci
842 360 974 400 verbis
993 376 1010 395 «
1023 372 1125 399 cum
1138 372 1246 399 sero
1264 361 1383 399 esset
1397 358 1610 410 factum»

177 425 395 463 commotus
431 423 481 461 sit
518 422 569 462 ad
606 435 744 462 vocem
783 434 979 462 «serus»
1012 421 1069 461 II
1093 421 1181 460 829
1209 425 1248 461 et
1276 420 1336 460 ad
1364 420 1615 460 fictionem

176 486 417 538 poeticam
457 498 610 536 neque
654 485 1047 526 consideraverit
1086 485 1234 525 Marci
1275 484 1500 524 versibus
1542 495 1614 523 se-

176 549 440 599 quentibus
468 549 564 589 alia
592 551 781 589 narrari
809 562 862 589 ac
880 548 1132 599 Matthaei,
1162 548 1270 600 apud
1290 560 1406 599 quem
1428 547 1614 598 discipuli

178 623 281 652 nunc
311 625 336 652 a
363 613 454 653 Iesu
481 616 633 665 petunt,
669 617 712 652 ut
740 612 815 654 sibi
843 612 1124 664 interpretetur
1152 610 1443 664 similitudines,
1473 611 1616 663 quibus

177 677 218 716 in
247 677 491 717 orationibus
519 690 614 717 usus
642 678 705 717 sit.

285 740 474 780 Similiter
508 752 572 780 res
606 753 649 781 se
682 740 804 781 habet
832 741 915 780 Iuv.
946 740 985 779 II
1013 740 1188 780 43—73:
1232 739 1482 791 Quamquam
1511 752 1615 791 quae

176 806 370 844 Iuvencus
420 804 482 844 his
534 806 574 844 in
624 804 806 844 versibus
858 807 1017 855 tractat,
1062 807 1222 855 praeter
1267 804 1445 851 Marcum
1491 805 1613 843 etiam

177 867 403 908 Matthaeus
444 872 484 907 et
524 869 653 908 Lucas
695 867 967 918 evangelistae
1007 868 1220 907 memoriae
1260 866 1435 918 tradunt,
1479 871 1615 907 tamen

178 932 392 971 Iuvencum
433 944 511 972 non
559 935 641 970 tam
682 930 927 970 Matthaeum
973 931 1036 970 vel
1077 932 1227 971 Lucam
1273 944 1393 982 quam
1435 931 1614 971 Marcum

178 996 214 1035 V
244 995 370 1034 1—17
405 996 516 1046 sequi
551 998 667 1046 puto;
708 998 800 1034 nam
832 993 907 1034 hoc
936 1006 1092 1045 quoque
1120 994 1208 1035 loco
1235 998 1344 1035 totus
1371 996 1615 1035 narrationis

178 1057 274 1099 ordo
309 1059 436 1109 magis
463 1058 597 1098 Marco
632 1057 859 1109 respondet.
922 1058 975 1097 Ut
1010 1057 1116 1108 quod
1151 1058 1240 1098 dico
1274 1071 1393 1109 quam
1428 1059 1616 1098 facillime

177 1121 441 1173 intellegatur,
488 1124 674 1171 quattuor
724 1122 974 1161 narrationes
1027 1125 1066 1160 et
1111 1122 1236 1161 Marci
1283 1126 1322 1162 et
1368 1123 1529 1163 Iuvenci
1577 1126 1617 1162 et

178 1185 369 1225 Matthaei
408 1189 448 1224 et
480 1185 614 1224 Lucae
656 1184 913 1236 comparandi
949 1197 1073 1225 causa
1107 1185 1201 1225 mihi
1237 1187 1351 1225 iuxta
1388 1190 1478 1225 sunt
1512 1199 1616 1226 com-

177 1248 398 1300 ponendae.
