1800 2904
873 229 923 269 69

284 338 532 378 Membrum
560 340 693 390 prius
722 340 910 378 constat
939 348 960 376 e
988 335 1144 374 tribus
1172 333 1366 373 incisis:

266 413 307 465 a)
338 415 377 452 et
401 425 512 453 nunc
539 413 639 453 mole
665 411 788 465 ferit
811 410 977 462 puppim
1004 421 1117 449 nune
1147 407 1310 448 turbine
1331 418 1513 458 proram,

263 476 304 528 b)
335 476 553 528 inlisosque
579 489 700 527 super
731 476 906 516 latorum
934 473 1122 514 tabulata
1148 473 1408 523 receptant
1434 470 1594 520 fluctus,

267 540 304 592 c)
335 540 572 591 disiectoque
600 539 835 590 aperitur
864 540 974 577 terra
994 536 1212 588 profundo.

283 615 539 654 Membrum
568 614 769 653 alterum
797 612 943 651 habet
970 612 1062 650 tria
1091 622 1278 660 quoque
1308 609 1480 648 incisa:

261 688 302 741 a)
333 688 501 728 Interea
526 688 574 728 in
595 687 727 738 puppi
754 698 937 726 somnum
964 684 1195 735 carpebat
1222 683 1349 732 Iesus,

267 751 308 804 b)
339 752 459 791 illum
493 750 684 801 discipuli
723 749 880 801 pariter
919 750 1151 798 nautaeque
1184 750 1378 797 paventes
1419 746 1612 797 eviyilare

335 817 526 866 roqant,

266 877 303 929 c)
327 877 523 928 pontique
543 876 732 928 pericula
759 876 1047 915 monstrant.

282 952 396 992 Nunc
425 951 656 1002 disquiram,
684 952 933 1000 quomodo
962 951 1112 989 verba
1141 949 1520 995 collocaveritl).

282 1026 544 1065 Verborum
574 1026 895 1065 concinnitas:

282 1101 310 1139 Ι.
341 1101 518 1140 Versus
546 1099 815 1139 includitur
842 1098 1022 1149 verbis,
1056 1109 1177 1148 quae
1213 1109 1395 1136 conexa
1430 1100 1469 1136 et
1496 1100 1612 1148 apta

337 1167 443 1203 sunt
489 1165 614 1203 inter
660 1175 726 1214 se,
773 1162 1013 1202 attributo
1061 1166 1106 1201 et
1154 1162 1475 1202 substantivo.
1543 1161 1610 1199 At-

336 1227 523 1266 tributum
553 1230 614 1266 est
642 1226 883 1265 adiectivum
911 1226 975 1265 vel
1002 1238 1219 1277 pronomen
1248 1225 1311 1264 vel
1346 1225 1609 1276 participium.

335 1300 374 1354 a)
405 1302 583 1341 Versus
612 1302 788 1352 incipit
816 1301 873 1341 ab
904 1300 1157 1340 attributo:

409 1375 450 1428 α)
480 1376 775 1415 Attributnm
805 1378 851 1414 et
870 1375 1232 1415 substantivum
1253 1375 1425 1414 suntin
1446 1373 1608 1414 eodem

478 1451 611 1479 casu:

477 1514 678 1564 Verg.VI
716 1514 781 1552 17:
813 1512 1188 1562 Chalcidicaque
1205 1512 1300 1552 levis
1316 1513 1609 1562 tandemsuper

806 1576 940 1616 astitit
967 1589 1098 1624 arce;

476 1642 567 1680 Iuv.
658 1642 676 1679 Ι
710 1640 778 1680 28:
807 1640 1013 1680 Aemula
1035 1639 1245 1690 promissis
1273 1639 1428 1680 obsistit
1458 1639 1608 1679 talibus

807 1706 969 1753 aetas;

476 1770 558 1807 Iuv.
651 1767 774 1807 1260:
805 1767 1108 1807 Horribilem
1154 1767 1275 1807 iussit
1315 1768 1499 1807 Bethlem
1533 1781 1608 1817 per

802 1831 973 1880 compita
1001 1831 1209 1880 caedem,-

476 1895 557 1933 Iuv.
650 1894 772 1933 1624:
802 1893 937 1944 Ipsis
984 1893 1127 1933 horror
1177 1894 1255 1934 erit
1300 1897 1480 1945 quantus
1520 1894 1609 1933 sine

806 1958 892 1996 luce
922 1957 1169 1997 tenebris?

226 2032 301 2070 Hic
317 2031 412 2070 ordo
429 2032 596 2070 occurrit
611 2032 651 2070 in
666 2032 853 2070 carminis
868 2031 1132 2083 praefatione,
1150 2045 1251 2082 quae
1265 2032 1386 2071 habet
1397 2032 1446 2072 27
1456 2045 1607 2084 versus,

227 2094 359 2133 semel.
416 2095 463 2133 In
491 2095 591 2134 libro
620 2095 649 2133 Ι.
680 2107 864 2134 versuum
893 2096 969 2134 770
999 2095 1047 2134 23
1070 2103 1132 2147 ><,
1168 2096 1208 2134 in
1237 2096 1287 2134 II.
1317 2108 1500 2136 versuum
1530 2096 1607 2137 829

226 2158 276 2197 29
296 2165 358 2208 ><,
399 2159 439 2197 in
473 2159 545 2197 III.
581 2157 691 2210 (773)
717 2158 778 2199 >23
800 2166 862 2209 ><,
904 2160 945 2198 in
979 2160 1046 2198 IV.
1082 2158 1193 2210 (812)
1234 2160 1281 2199 19
1303 2167 1363 2202 ><.
1427 2161 1532 2210 Ergo
1567 2162 1606 2199 in

223 2221 335 2259 libris
364 2225 549 2270 quattuor
576 2223 774 2260 invenitur
802 2223 852 2260 95
873 2229 935 2273 ><⁷
972 2235 1059 2261 cum
1094 2224 1133 2260 in
1170 2222 1378 2261 duodecim
1416 2222 1606 2262 Aeneidis

224 2284 335 2323 libris
372 2283 492 2336 (9896
528 2284 582 2337 v.)
620 2286 868 2337 reperiantur
910 2289 1061 2325 tantum
1107 2286 1181 2325 158
1223 2286 1418 2337 exempla.
1485 2286 1605 2337 Apud

224 2348 441 2397 Vergilium
474 2349 576 2386 inter
610 2351 798 2387 centenos
839 2360 977 2388 versus
1017 2350 1268 2387 inveniuntur
1315 2350 1373 2395 l‚5
1409 2350 1605 2400 exempla,

226 2410 332 2461 apud
360 2412 572 2449 Iuvencum
602 2412 704 2450 inter
733 2415 920 2451 centenos
949 2412 1050 2462 2,95.

457 2483 493 2536 β)
523 2485 846 2536 Attributum,
875 2485 999 2535 quod
1028 2485 1209 2537 pendet
1231 2486 1604 2537 asubstantivo,

526 2552 599 2587 est
653 2550 805 2599 ipsum
862 2549 1219 2588 substantivum
1283 2553 1329 2588 et
1383 2551 1431 2589 in
1486 2563 1604 2590 casu

277 2700 301 2740 ¹)
326 2698 367 2731 cf.
393 2699 569 2741 K(vi(':ala)
592 2700 613 2732 l.
637 2710 665 2732 c.
689 2710 722 2741 p.
747 2702 809 2735 275
834 2710 883 2741 sq.
908 2703 943 2732 et
966 2700 1133 2741 N(orden)
1157 2711 1189 2742 p.
1215 2704 1288 2736 38-2.
