<?xml version="1.0" encoding="UTF-8"?>
<!DOCTYPE html PUBLIC "-//W3C//DTD XHTML 1.0 Transitional//EN"
    "http://www.w3.org/TR/xhtml1/DTD/xhtml1-transitional.dtd">
<html xmlns="http://www.w3.org/1999/xhtml" xml:lang="en" lang="en">
 <head>
  <title>
</title>
<meta http-equiv="Content-Type" content="text/html;charset=utf-8" />
  <meta name='ocr-system' content='tesseract 3.04.00' />
  <meta name='ocr-capabilities' content='ocr_page ocr_carea ocr_par ocr_line ocrx_word'/>
</head>
<body>
  <div class='ocr_page' id='page_1' title='image "4737235_0063.png"; bbox 0 0 1800 2904; ppageno 0'>
   <div class='ocr_carea' id='block_1_1' title="bbox 878 154 930 194">
    <p class='ocr_par' dir='ltr' id='par_1_1' title="bbox 878 154 930 194">
     <span class='ocr_line' id='line_1_1' title="bbox 878 154 930 194; baseline -0.019 0"><span class='ocrx_word' id='word_1_1' title='bbox 878 154 930 194; x_wconf 90' lang='grc'>49</span> 
     </span>
    </p>
   </div>
   <div class='ocr_carea' id='block_1_2' title="bbox 786 207 1032 215">
    <p class='ocr_par' dir='ltr' id='par_1_2' title="bbox 786 207 1032 215">
     <span class='ocr_line' id='line_1_2' title="bbox 786 207 1032 215; baseline 0 2689"><span class='ocrx_word' id='word_1_2' title='bbox 786 207 1032 215; x_wconf 95' lang='lat' dir='ltr'> </span> 
     </span>
    </p>
   </div>
   <div class='ocr_carea' id='block_1_3' title="bbox 191 255 1631 1197">
    <p class='ocr_par' dir='ltr' id='par_1_3' title="bbox 191 255 1631 1197">
     <span class='ocr_line' id='line_1_3' title="bbox 195 255 1628 310; baseline -0.007 -8"><span class='ocrx_word' id='word_1_3' title='bbox 195 264 292 302; x_wconf 82' lang='lat' dir='ltr'>tuns</span> <span class='ocrx_word' id='word_1_4' title='bbox 324 260 467 300; x_wconf 85' lang='lat' dir='ltr'>vivit».</span> <span class='ocrx_word' id='word_1_5' title='bbox 532 260 613 300; x_wconf 85' lang='lat' dir='ltr'>Sed</span> <span class='ocrx_word' id='word_1_6' title='bbox 648 262 845 300; x_wconf 81' lang='lat' dir='ltr'>Iuvencus</span> <span class='ocrx_word' id='word_1_7' title='bbox 878 263 1118 310; x_wconf 86' lang='lat' dir='ltr'>componens</span> <span class='ocrx_word' id='word_1_8' title='bbox 1152 268 1292 296; x_wconf 89' lang='lat' dir='ltr'>versus</span> <span class='ocrx_word' id='word_1_9' title='bbox 1323 255 1380 295; x_wconf 86' lang='grc'>47</span> <span class='ocrx_word' id='word_1_10' title='bbox 1415 257 1461 293; x_wconf 90' lang='lat' dir='ltr'>et</span> <span class='ocrx_word' id='word_1_11' title='bbox 1494 255 1550 293; x_wconf 89' lang='grc'>49</span> <span class='ocrx_word' id='word_1_12' title='bbox 1580 272 1628 286; x_wconf 89' lang='lat'><strong><em>=</em></strong></span> 
     </span>
     <span class='ocr_line' id='line_1_4' title="bbox 194 319 1630 375; baseline -0.006 -11"><span class='ocrx_word' id='word_1_13' title='bbox 194 325 240 364; x_wconf 94' lang='lat' dir='ltr'>II</span> <span class='ocrx_word' id='word_1_14' title='bbox 259 323 524 375; x_wconf 86' lang='lat'><strong>332—335‚</strong></span> <span class='ocrx_word' id='word_1_15' title='bbox 554 323 610 363; x_wconf 88' lang='lat'>48</span> <span class='ocrx_word' id='word_1_16' title='bbox 639 327 685 363; x_wconf 92' lang='lat' dir='ltr'>et</span> <span class='ocrx_word' id='word_1_17' title='bbox 704 323 759 370; x_wconf 88' lang='lat'>50</span> <span class='ocrx_word' id='word_1_18' title='bbox 780 339 829 354; x_wconf 94' lang='lat'><strong><em>=</em></strong></span> <span class='ocrx_word' id='word_1_19' title='bbox 850 320 1096 360; x_wconf 85' lang='lat'><strong>336—338</strong></span> <span class='ocrx_word' id='word_1_20' title='bbox 1124 320 1399 372; x_wconf 77' lang='lat' dir='ltr'><strong>complectitur</strong></span> <span class='ocrx_word' id='word_1_21' title='bbox 1427 319 1630 367; x_wconf 82' lang='lat' dir='ltr'>utriusque</span> 
     </span>
     <span class='ocr_line' id='line_1_5' title="bbox 192 380 1630 440; baseline -0.006 -12"><span class='ocrx_word' id='word_1_22' title='bbox 192 388 328 440; x_wconf 88' lang='lat' dir='ltr'>verba,</span> <span class='ocrx_word' id='word_1_23' title='bbox 357 399 436 438; x_wconf 90' lang='lat' dir='ltr'>qua</span> <span class='ocrx_word' id='word_1_24' title='bbox 463 399 506 427; x_wconf 90' lang='lat' dir='ltr'>re</span> <span class='ocrx_word' id='word_1_25' title='bbox 535 387 674 438; x_wconf 88' lang='lat' dir='ltr'>cffugit</span> <span class='ocrx_word' id='word_1_26' title='bbox 696 390 772 425; x_wconf 90' lang='lat' dir='ltr'>ter</span> <span class='ocrx_word' id='word_1_27' title='bbox 791 386 1013 436; x_wconf 82' lang='lat' dir='ltr'>exprimere</span> <span class='ocrx_word' id='word_1_28' title='bbox 1033 384 1174 424; x_wconf 89' lang='lat' dir='ltr'>verba:</span> <span class='ocrx_word' id='word_1_29' title='bbox 1207 382 1366 423; x_wconf 81' lang='lat' dir='ltr'><strong><em>«dixit</em></strong></span> <span class='ocrx_word' id='word_1_30' title='bbox 1383 394 1494 433; x_wconf 76' lang='lat' dir='ltr'>erqo</span> <span class='ocrx_word' id='word_1_31' title='bbox 1513 380 1630 421; x_wconf 86' lang='lat' dir='ltr'>Iesus</span> 
     </span>
     <span class='ocr_line' id='line_1_6' title="bbox 194 444 1627 504; baseline -0.006 -11"><span class='ocrx_word' id='word_1_32' title='bbox 194 451 248 493; x_wconf 87' lang='lat' dir='ltr'>ad</span> <span class='ocrx_word' id='word_1_33' title='bbox 266 465 355 492; x_wconf 82' lang='lat' dir='ltr'>eum</span> <span class='ocrx_word' id='word_1_34' title='bbox 373 451 476 504; x_wconf 63' lang='lat'>48»,</span> <span class='ocrx_word' id='word_1_35' title='bbox 500 467 517 487; x_wconf 90' lang='lat'>«</span> <span class='ocrx_word' id='word_1_36' title='bbox 532 450 657 491; x_wconf 88' lang='lat' dir='ltr'>dicit</span> <span class='ocrx_word' id='word_1_37' title='bbox 674 449 837 490; x_wconf 83' lang='lat' dir='ltr'>adewm</span> <span class='ocrx_word' id='word_1_38' title='bbox 854 447 1046 499; x_wconf 77' lang='lat' dir='ltr'>reyulus»</span> <span class='ocrx_word' id='word_1_39' title='bbox 1069 447 1133 499; x_wconf 85' lang='lat'>49,</span> <span class='ocrx_word' id='word_1_40' title='bbox 1165 463 1182 482; x_wconf 90' lang='lat'>«</span> <span class='ocrx_word' id='word_1_41' title='bbox 1196 445 1322 486; x_wconf 87' lang='lat' dir='ltr'>dicit</span> <span class='ocrx_word' id='word_1_42' title='bbox 1338 445 1375 485; x_wconf 92' lang='lat' dir='ltr'>ei</span> <span class='ocrx_word' id='word_1_43' title='bbox 1396 444 1543 485; x_wconf 83' lang='lat' dir='ltr'>Iesus»</span> <span class='ocrx_word' id='word_1_44' title='bbox 1566 445 1627 485; x_wconf 89' lang='lat'>50.</span> 
     </span>
     <span class='ocr_line' id='line_1_7' title="bbox 192 508 1629 560; baseline -0.006 -4"><span class='ocrx_word' id='word_1_45' title='bbox 192 539 243 544; x_wconf 92' lang='lat'><strong>—</strong></span> <span class='ocrx_word' id='word_1_46' title='bbox 279 516 368 557; x_wconf 90' lang='lat' dir='ltr'>Non</span> <span class='ocrx_word' id='word_1_47' title='bbox 396 516 511 555; x_wconf 89' lang='lat' dir='ltr'>aliter</span> <span class='ocrx_word' id='word_1_48' title='bbox 538 527 602 554; x_wconf 90' lang='lat' dir='ltr'>res</span> <span class='ocrx_word' id='word_1_49' title='bbox 631 526 674 553; x_wconf 88' lang='lat' dir='ltr'>se</span> <span class='ocrx_word' id='word_1_50' title='bbox 701 512 824 551; x_wconf 86' lang='lat' dir='ltr'>habet</span> <span class='ocrx_word' id='word_1_51' title='bbox 851 510 947 550; x_wconf 89' lang='lat' dir='ltr'>Iuv.</span> <span class='ocrx_word' id='word_1_52' title='bbox 975 511 1033 551; x_wconf 91' lang='grc' dir='ltr'>ΙΙ.</span> <span class='ocrx_word' id='word_1_53' title='bbox 1062 510 1151 550; x_wconf 89' lang='grc'>804</span> <span class='ocrx_word' id='word_1_54' title='bbox 1179 522 1242 560; x_wconf 85' lang='lat' dir='ltr'>sq.</span> <span class='ocrx_word' id='word_1_55' title='bbox 1273 528 1322 542; x_wconf 91' lang='lat'><strong><em>=</em></strong></span> <span class='ocrx_word' id='word_1_56' title='bbox 1351 509 1481 549; x_wconf 90' lang='lat' dir='ltr'>Mtth.</span> <span class='ocrx_word' id='word_1_57' title='bbox 1510 508 1629 552; x_wconf 91' lang='lat' dir='ltr'>XIII</span> 
     </span>
     <span class='ocr_line' id='line_1_8' title="bbox 193 572 1630 635; baseline -0.005 -16"><span class='ocrx_word' id='word_1_58' title='bbox 193 579 248 618; x_wconf 86' lang='lat'>27</span> <span class='ocrx_word' id='word_1_59' title='bbox 284 592 366 635; x_wconf 76' lang='lat' dir='ltr'>sq.:</span> <span class='ocrx_word' id='word_1_60' title='bbox 402 578 499 618; x_wconf 86' lang='lat' dir='ltr'>Cum</span> <span class='ocrx_word' id='word_1_61' title='bbox 534 578 690 628; x_wconf 89' lang='lat' dir='ltr'>legatur</span> <span class='ocrx_word' id='word_1_62' title='bbox 725 573 832 631; x_wconf 77' lang='lat' dir='ltr'>apud</span> <span class='ocrx_word' id='word_1_63' title='bbox 866 574 1154 624; x_wconf 84' lang='lat' dir='ltr'>evangelistam</span> <span class='ocrx_word' id='word_1_64' title='bbox 1192 572 1468 620; x_wconf 55' lang='lat' dir='ltr'>«Accedentes,</span> <span class='ocrx_word' id='word_1_65' title='bbox 1494 575 1630 613; x_wconf 83' lang='lat' dir='ltr'>antem</span> 
     </span>
     <span class='ocr_line' id='line_1_9' title="bbox 191 635 1629 682; baseline -0.005 0"><span class='ocrx_word' id='word_1_66' title='bbox 191 642 318 682; x_wconf 85' lang='lat' dir='ltr'>servi</span> <span class='ocrx_word' id='word_1_67' title='bbox 359 672 367 680; x_wconf 94' lang='lat'><strong><em>.</em></strong></span> <span class='ocrx_word' id='word_1_68' title='bbox 398 670 408 680; x_wconf 89' lang='lat'><strong>.</strong></span> <span class='ocrx_word' id='word_1_69' title='bbox 440 672 448 680; x_wconf 93' lang='lat'><strong><em>.</em></strong></span> <span class='ocrx_word' id='word_1_70' title='bbox 479 671 488 680; x_wconf 89' lang='lat'><strong>.</strong></span> <span class='ocrx_word' id='word_1_71' title='bbox 531 639 772 680; x_wconf 81' lang='lat' dir='ltr'>dixerunt</span> <span class='ocrx_word' id='word_1_72' title='bbox 811 637 872 677; x_wconf 87' lang='lat' dir='ltr'>ei:</span> <span class='ocrx_word' id='word_1_73' title='bbox 917 636 1091 676; x_wconf 79' lang='lat' dir='ltr'><strong><em>Domine</em></strong></span> <span class='ocrx_word' id='word_1_74' title='bbox 1131 648 1267 676; x_wconf 84' lang='lat' dir='ltr'>nonne</span> <span class='ocrx_word' id='word_1_75' title='bbox 1309 635 1455 676; x_wconf 84' lang='lat' dir='ltr'>bonnm</span> <span class='ocrx_word' id='word_1_76' title='bbox 1491 648 1629 676; x_wconf 88' lang='lat' dir='ltr'>semen</span> 
     </span>
     <span class='ocr_line' id='line_1_10' title="bbox 192 698 1631 755; baseline -0.006 -9"><span class='ocrx_word' id='word_1_77' title='bbox 192 704 402 746; x_wconf 79' lang='lat' dir='ltr'><strong><em>seminasti</em></strong></span> <span class='ocrx_word' id='word_1_78' title='bbox 428 704 477 743; x_wconf 91' lang='lat' dir='ltr'>in</span> <span class='ocrx_word' id='word_1_79' title='bbox 505 715 602 755; x_wconf 76' lang='lat' dir='ltr'>ayro</span> <span class='ocrx_word' id='word_1_80' title='bbox 631 700 726 742; x_wconf 78' lang='lat' dir='ltr'>tuo?</span> <span class='ocrx_word' id='word_1_81' title='bbox 787 699 901 741; x_wconf 89' lang='lat' dir='ltr'>Unde</span> <span class='ocrx_word' id='word_1_82' title='bbox 932 712 1022 751; x_wconf 74' lang='lat' dir='ltr'>erqo</span> <span class='ocrx_word' id='word_1_83' title='bbox 1051 699 1171 740; x_wconf 83' lang='lat' dir='ltr'>habet</span> <span class='ocrx_word' id='word_1_84' title='bbox 1195 698 1389 740; x_wconf 68' lang='lat' dir='ltr'>zizania?</span> <span class='ocrx_word' id='word_1_85' title='bbox 1417 698 1510 750; x_wconf 74' lang='lat'><em>(27)</em></span> <span class='ocrx_word' id='word_1_86' title='bbox 1565 699 1631 738; x_wconf 85' lang='lat' dir='ltr'>Et</span> 
     </span>
     <span class='ocr_line' id='line_1_11' title="bbox 193 762 1631 814; baseline -0.005 -5"><span class='ocrx_word' id='word_1_87' title='bbox 193 768 267 809; x_wconf 83' lang='lat' dir='ltr'>ait</span> <span class='ocrx_word' id='word_1_88' title='bbox 292 768 422 813; x_wconf 80' lang='lat' dir='ltr'>illis:</span> <span class='ocrx_word' id='word_1_89' title='bbox 452 766 654 806; x_wconf 77' lang='lat' dir='ltr'>Inimicus</span> <span class='ocrx_word' id='word_1_90' title='bbox 680 764 793 803; x_wconf 82' lang='lat' dir='ltr'>homo</span> <span class='ocrx_word' id='word_1_91' title='bbox 811 763 882 808; x_wconf 82' lang='lat' dir='ltr'>hoo</span> <span class='ocrx_word' id='word_1_92' title='bbox 899 763 1007 814; x_wconf 78' lang='lat' dir='ltr'>fecit.</span> <span class='ocrx_word' id='word_1_93' title='bbox 1053 762 1197 803; x_wconf 81' lang='lat' dir='ltr'>Servi</span> <span class='ocrx_word' id='word_1_94' title='bbox 1216 765 1374 803; x_wconf 85' lang='lat' dir='ltr'>autem</span> <span class='ocrx_word' id='word_1_95' title='bbox 1394 762 1631 802; x_wconf 78' lang='lat' dir='ltr'>dixerunt</span> 
     </span>
     <span class='ocr_line' id='line_1_12' title="bbox 193 824 1626 880; baseline -0.005 -9"><span class='ocrx_word' id='word_1_96' title='bbox 193 831 255 871; x_wconf 89' lang='lat' dir='ltr'>ei:</span> <span class='ocrx_word' id='word_1_97' title='bbox 298 830 376 880; x_wconf 84' lang='lat' dir='ltr'>Vis,</span> <span class='ocrx_word' id='word_1_98' title='bbox 411 830 518 870; x_wconf 81' lang='lat' dir='ltr'>imus</span> <span class='ocrx_word' id='word_1_99' title='bbox 546 831 585 868; x_wconf 92' lang='lat' dir='ltr'>et</span> <span class='ocrx_word' id='word_1_100' title='bbox 610 826 837 879; x_wconf 73' lang='lat' dir='ltr'>colliqimns</span> <span class='ocrx_word' id='word_1_101' title='bbox 864 824 939 867; x_wconf 75' lang='lat' dir='ltr'>ea?</span> <span class='ocrx_word' id='word_1_102' title='bbox 993 825 1056 866; x_wconf 84' lang='lat' dir='ltr'>Et</span> <span class='ocrx_word' id='word_1_103' title='bbox 1082 826 1175 866; x_wconf 88' lang='lat' dir='ltr'>ait:</span> <span class='ocrx_word' id='word_1_104' title='bbox 1204 825 1298 866; x_wconf 89' lang='lat' dir='ltr'>Non</span> <span class='ocrx_word' id='word_1_105' title='bbox 1327 857 1335 864; x_wconf 93' lang='lat'><strong>.</strong></span> <span class='ocrx_word' id='word_1_106' title='bbox 1366 856 1376 865; x_wconf 88' lang='lat'>.</span> <span class='ocrx_word' id='word_1_107' title='bbox 1407 857 1414 864; x_wconf 92' lang='lat'>.</span> <span class='ocrx_word' id='word_1_108' title='bbox 1447 857 1454 864; x_wconf 95' lang='lat'><strong>.</strong></span> <span class='ocrx_word' id='word_1_109' title='bbox 1485 825 1626 877; x_wconf 77' lang='grc'>(29)»,</span> 
     </span>
     <span class='ocr_line' id='line_1_13' title="bbox 192 883 1627 946; baseline -0.003 -13"><span class='ocrx_word' id='word_1_110' title='bbox 192 894 344 946; x_wconf 84' lang='lat' dir='ltr'>profert</span> <span class='ocrx_word' id='word_1_111' title='bbox 356 892 764 943; x_wconf 79' lang='lat' dir='ltr'>Iuvencusprimutn</span> <span class='ocrx_word' id='word_1_112' title='bbox 784 891 1005 930; x_wconf 90' lang='lat' dir='ltr'>continuo</span> <span class='ocrx_word' id='word_1_113' title='bbox 1024 892 1181 929; x_wconf 91' lang='lat' dir='ltr'>omnia</span> <span class='ocrx_word' id='word_1_114' title='bbox 1200 883 1627 940; x_wconf 30' lang='lat' dir='ltr'>servorum-verba,</span> 
     </span>
     <span class='ocr_line' id='line_1_14' title="bbox 192 952 1548 1007; baseline -0.001 -12"><span class='ocrx_word' id='word_1_115' title='bbox 192 968 294 1006; x_wconf 92' lang='lat' dir='ltr'>quae</span> <span class='ocrx_word' id='word_1_116' title='bbox 323 955 430 1007; x_wconf 82' lang='lat' dir='ltr'>apud</span> <span class='ocrx_word' id='word_1_117' title='bbox 458 954 756 1004; x_wconf 82' lang='lat' dir='ltr'>evangelistam</span> <span class='ocrx_word' id='word_1_118' title='bbox 777 952 934 993; x_wconf 89' lang='lat' dir='ltr'>divulsa</span> <span class='ocrx_word' id='word_1_119' title='bbox 963 956 1066 1004; x_wconf 89' lang='lat' dir='ltr'>sunt,</span> <span class='ocrx_word' id='word_1_120' title='bbox 1093 954 1134 992; x_wconf 91' lang='lat' dir='ltr'>in</span> <span class='ocrx_word' id='word_1_121' title='bbox 1162 966 1224 992; x_wconf 87' lang='lat' dir='ltr'>vv.</span> <span class='ocrx_word' id='word_1_122' title='bbox 1254 954 1293 992; x_wconf 93' lang='lat' dir='ltr'>II</span> <span class='ocrx_word' id='word_1_123' title='bbox 1320 953 1548 993; x_wconf 86' lang='lat'>801—805:</span> 
     </span>
     <span class='ocr_line' id='line_1_15' title="bbox 577 1016 1627 1069; baseline -0.001 -12"><span class='ocrx_word' id='word_1_124' title='bbox 577 1016 709 1057; x_wconf 77' lang='lat' dir='ltr'>«Tum</span> <span class='ocrx_word' id='word_1_125' title='bbox 728 1016 886 1057; x_wconf 90' lang='lat' dir='ltr'>domino</span> <span class='ocrx_word' id='word_1_126' title='bbox 902 1016 1080 1068; x_wconf 79' lang='lat' dir='ltr'>famuli</span> <span class='ocrx_word' id='word_1_127' title='bbox 1094 1016 1293 1057; x_wconf 87' lang='lat' dir='ltr'>mirantes</span> <span class='ocrx_word' id='word_1_128' title='bbox 1310 1017 1415 1058; x_wconf 85' lang='lat' dir='ltr'>talia</span> <span class='ocrx_word' id='word_1_129' title='bbox 1424 1017 1627 1069; x_wconf 70' lang='lat' dir='ltr'>fantur:</span> 
     </span>
     <span class='ocr_line' id='line_1_16' title="bbox 600 1079 1629 1133; baseline -0.001 -13"><span class='ocrx_word' id='word_1_130' title='bbox 600 1079 748 1120; x_wconf 85' lang='lat' dir='ltr'>Nonne</span> <span class='ocrx_word' id='word_1_131' title='bbox 768 1079 1067 1121; x_wconf 84' lang='lat' dir='ltr'>bonnm-terrae</span> <span class='ocrx_word' id='word_1_132' title='bbox 1084 1092 1218 1121; x_wconf 83' lang='lat' dir='ltr'>semen</span> <span class='ocrx_word' id='word_1_133' title='bbox 1230 1093 1307 1132; x_wconf 77' lang='lat' dir='ltr'>per</span> <span class='ocrx_word' id='word_1_134' title='bbox 1325 1083 1438 1133; x_wconf 74' lang='lat' dir='ltr'>terqa</span> <span class='ocrx_word' id='word_1_135' title='bbox 1455 1079 1629 1121; x_wconf 74' lang='lat' dir='ltr'>dedisti?</span> 
     </span>
     <span class='ocr_line' id='line_1_17' title="bbox 609 1143 1628 1197; baseline -0.001 -13"><span class='ocrx_word' id='word_1_136' title='bbox 609 1143 721 1184; x_wconf 85' lang='lat' dir='ltr'>Unde</span> <span class='ocrx_word' id='word_1_137' title='bbox 747 1143 878 1196; x_wconf 75' lang='lat' dir='ltr'>iyitnr</span> <span class='ocrx_word' id='word_1_138' title='bbox 907 1144 998 1185; x_wconf 86' lang='lat' dir='ltr'>lolio</span> <span class='ocrx_word' id='word_1_139' title='bbox 1018 1144 1130 1195; x_wconf 80' lang='lat' dir='ltr'><strong><em>turpi</em></strong></span> <span class='ocrx_word' id='word_1_140' title='bbox 1150 1147 1222 1185; x_wconf 80' lang='lat' dir='ltr'>tna</span> <span class='ocrx_word' id='word_1_141' title='bbox 1241 1157 1346 1185; x_wconf 81' lang='lat' dir='ltr'>rura</span> <span class='ocrx_word' id='word_1_142' title='bbox 1361 1143 1628 1197; x_wconf 75' lang='lat' dir='ltr'>yravantur?</span> 
     </span>
    </p>
   </div>
   <div class='ocr_carea' id='block_1_4' title="bbox 205 1217 1628 1343">
    <p class='ocr_par' dir='ltr' id='par_1_4' title="bbox 205 1217 1628 1343">
     <span class='ocr_line' id='line_1_18' title="bbox 398 1217 1628 1270; baseline 0.001 -13"><span class='ocrx_word' id='word_1_143' title='bbox 398 1258 405 1266; x_wconf 73' lang='lat'>‚</span> <span class='ocrx_word' id='word_1_144' title='bbox 602 1217 681 1257; x_wconf 81' lang='lat' dir='ltr'>Sed</span> <span class='ocrx_word' id='word_1_145' title='bbox 692 1218 789 1268; x_wconf 86' lang='lat' dir='ltr'>iam,</span> <span class='ocrx_word' id='word_1_146' title='bbox 805 1218 1008 1267; x_wconf 81' lang='lat' dir='ltr'>siiubeas,</span> <span class='ocrx_word' id='word_1_147' title='bbox 1023 1230 1185 1257; x_wconf 81' lang='lat' dir='ltr'>messem</span> <span class='ocrx_word' id='word_1_148' title='bbox 1193 1218 1463 1270; x_wconf 64' lang='lat' dir='ltr'>purgabimus</span> <span class='ocrx_word' id='word_1_149' title='bbox 1475 1231 1628 1258; x_wconf 91' lang='lat' dir='ltr'>omnem</span> 
     </span>
     <span class='ocr_line' id='line_1_19' title="bbox 205 1260 1549 1343; baseline 0 -22"><span class='ocrx_word' id='word_1_150' title='bbox 205 1260 522 1343; x_wconf 43' lang='lat' dir='ltr'>qssgglttssnffieffl.)</span> <span class='ocrx_word' id='word_1_151' title='bbox 604 1275 882 1333; x_wconf 76' lang='lat' dir='ltr'>Triticensqne</span> <span class='ocrx_word' id='word_1_152' title='bbox 907 1281 1018 1337; x_wconf 85' lang='lat' dir='ltr'>nitor</span> <span class='ocrx_word' id='word_1_153' title='bbox 1044 1281 1190 1322; x_wconf 80' lang='lat' dir='ltr'>selecta</span> <span class='ocrx_word' id='word_1_154' title='bbox 1217 1281 1331 1322; x_wconf 89' lang='lat' dir='ltr'>sorde</span> <span class='ocrx_word' id='word_1_155' title='bbox 1357 1281 1549 1322; x_wconf 80' lang='lat' dir='ltr'>resistet.»</span> 
     </span>
    </p>
   </div>
   <div class='ocr_carea' id='block_1_5' title="bbox 192 1344 1630 2029">
    <p class='ocr_par' dir='ltr' id='par_1_5' title="bbox 192 1344 1630 2029">
     <span class='ocr_line' id='line_1_20' title="bbox 194 1344 1437 1407; baseline 0.002 -15"><span class='ocrx_word' id='word_1_156' title='bbox 194 1359 290 1393; x_wconf 91' lang='lat' dir='ltr'>tum</span> <span class='ocrx_word' id='word_1_157' title='bbox 318 1356 492 1406; x_wconf 85' lang='lat' dir='ltr'>explicat</span> <span class='ocrx_word' id='word_1_158' title='bbox 516 1354 697 1405; x_wconf 11' lang='lat' dir='ltr'>*do-minti</span> <span class='ocrx_word' id='word_1_159' title='bbox 725 1344 1089 1407; x_wconf 85' lang='lat' dir='ltr'>responsionem</span> <span class='ocrx_word' id='word_1_160' title='bbox 1119 1369 1179 1394; x_wconf 88' lang='lat' dir='ltr'>vv.</span> <span class='ocrx_word' id='word_1_161' title='bbox 1209 1355 1437 1396; x_wconf 84' lang='lat'>806—811:</span> 
     </span>
     <span class='ocr_line' id='line_1_21' title="bbox 543 1416 1628 1471; baseline 0.003 -14"><span class='ocrx_word' id='word_1_162' title='bbox 543 1416 647 1458; x_wconf 79' lang='lat' dir='ltr'>Tum</span> <span class='ocrx_word' id='word_1_163' title='bbox 676 1418 901 1460; x_wconf 81' lang='lat' dir='ltr'>dominus</span> <span class='ocrx_word' id='word_1_164' title='bbox 926 1418 1018 1459; x_wconf 89' lang='lat' dir='ltr'>miti</span> <span class='ocrx_word' id='word_1_165' title='bbox 1036 1421 1178 1460; x_wconf 80' lang='lat' dir='ltr'>eontra</span> <span class='ocrx_word' id='word_1_166' title='bbox 1196 1431 1377 1459; x_wconf 82' lang='lat' dir='ltr'>sermone</span> <span class='ocrx_word' id='word_1_167' title='bbox 1388 1419 1628 1471; x_wconf 74' lang='lat' dir='ltr'>profatur</span> 
     </span>
     <span class='ocr_line' id='line_1_22' title="bbox 194 1427 1205 1535; baseline 0.002 -14"><span class='ocrx_word' id='word_1_168' title='bbox 194 1427 625 1529; x_wconf 60' lang='lat' dir='ltr'>Mtth·X¹¹1²⁸{fflc</span> <span class='ocrx_word' id='word_1_169' title='bbox 652 1473 767 1522; x_wconf 63' lang='lat' dir='ltr'>dolus</span> <span class='ocrx_word' id='word_1_170' title='bbox 794 1485 870 1535; x_wconf 52' lang='grc' dir='ltr'>θαι,-</span> <span class='ocrx_word' id='word_1_171' title='bbox 891 1482 1066 1532; x_wconf 62' lang='lat' dir='ltr'>inimice,</span> <span class='ocrx_word' id='word_1_172' title='bbox 1098 1485 1205 1532; x_wconf 72' lang='lat' dir='ltr'>tuus,</span> 
     </span>
     <span class='ocr_line' id='line_1_23' title="bbox 851 1546 1281 1598; baseline 0.002 -13"><span class='ocrx_word' id='word_1_173' title='bbox 851 1546 920 1586; x_wconf 83' lang='lat' dir='ltr'>sed</span> <span class='ocrx_word' id='word_1_174' title='bbox 944 1546 1068 1598; x_wconf 79' lang='lat' dir='ltr'>farra</span> <span class='ocrx_word' id='word_1_175' title='bbox 1094 1546 1281 1587; x_wconf 82' lang='lat' dir='ltr'>sinamus</span> 
     </span>
     <span class='ocr_line' id='line_1_24' title="bbox 196 1605 1279 1659; baseline 0.001 -13"><span class='ocrx_word' id='word_1_176' title='bbox 196 1605 377 1647; x_wconf 82' lang='lat' dir='ltr'>Crescere</span> <span class='ocrx_word' id='word_1_177' title='bbox 391 1620 481 1648; x_wconf 80' lang='lat' dir='ltr'>cum</span> <span class='ocrx_word' id='word_1_178' title='bbox 497 1608 599 1649; x_wconf 83' lang='lat' dir='ltr'>lolio.</span> <span class='ocrx_word' id='word_1_179' title='bbox 628 1608 758 1649; x_wconf 88' lang='lat' dir='ltr'>Pleno</span> <span class='ocrx_word' id='word_1_180' title='bbox 770 1621 870 1649; x_wconf 85' lang='lat' dir='ltr'>nam</span> <span class='ocrx_word' id='word_1_181' title='bbox 887 1611 1057 1659; x_wconf 77' lang='lat' dir='ltr'>tempore</span> <span class='ocrx_word' id='word_1_182' title='bbox 1063 1609 1201 1649; x_wconf 90' lang='lat' dir='ltr'>messis</span> <span class='ocrx_word' id='word_1_183' title='bbox 1211 1612 1279 1649; x_wconf 85' lang='lat' dir='ltr'>etc.</span> 
     </span>
     <span class='ocr_line' id='line_1_25' title="bbox 194 1669 1630 1728; baseline 0.002 -18"><span class='ocrx_word' id='word_1_184' title='bbox 194 1669 282 1718; x_wconf 88' lang='lat' dir='ltr'>Qua</span> <span class='ocrx_word' id='word_1_185' title='bbox 323 1683 365 1711; x_wconf 89' lang='lat' dir='ltr'>re</span> <span class='ocrx_word' id='word_1_186' title='bbox 406 1671 508 1723; x_wconf 73' lang='lat' dir='ltr'>fugit</span> <span class='ocrx_word' id='word_1_187' title='bbox 548 1673 743 1713; x_wconf 89' lang='lat' dir='ltr'>Iuvencus</span> <span class='ocrx_word' id='word_1_188' title='bbox 784 1672 963 1728; x_wconf 81' lang='lat' dir='ltr'>duplices</span> <span class='ocrx_word' id='word_1_189' title='bbox 1003 1674 1260 1725; x_wconf 87' lang='lat' dir='ltr'>repetitiones</span> <span class='ocrx_word' id='word_1_190' title='bbox 1302 1673 1511 1714; x_wconf 80' lang='lat' dir='ltr'>verborum</span> <span class='ocrx_word' id='word_1_191' title='bbox 1556 1676 1630 1713; x_wconf 77' lang='lat' dir='ltr'>«et</span> 
     </span>
     <span class='ocr_line' id='line_1_26' title="bbox 194 1729 978 1776; baseline 0.003 -3"><span class='ocrx_word' id='word_1_192' title='bbox 194 1729 437 1775; x_wconf 78' lang='lat' dir='ltr'>dixerunt</span> <span class='ocrx_word' id='word_1_193' title='bbox 462 1735 533 1776; x_wconf 79' lang='lat' dir='ltr'>ei&gt;</span> <span class='ocrx_word' id='word_1_194' title='bbox 566 1740 605 1776; x_wconf 89' lang='lat' dir='ltr'>et</span> <span class='ocrx_word' id='word_1_195' title='bbox 636 1738 709 1776; x_wconf 79' lang='lat' dir='ltr'>«et</span> <span class='ocrx_word' id='word_1_196' title='bbox 735 1735 812 1776; x_wconf 89' lang='lat' dir='ltr'>ait</span> <span class='ocrx_word' id='word_1_197' title='bbox 836 1735 978 1776; x_wconf 72' lang='lat' dir='ltr'>illis»</span> 
     </span>
     <span class='ocr_line' id='line_1_27' title="bbox 298 1797 1627 1855; baseline 0.002 -17"><span class='ocrx_word' id='word_1_198' title='bbox 298 1797 410 1838; x_wconf 90' lang='lat' dir='ltr'>Idem</span> <span class='ocrx_word' id='word_1_199' title='bbox 448 1799 689 1855; x_wconf 86' lang='lat' dir='ltr'>intellegitur</span> <span class='ocrx_word' id='word_1_200' title='bbox 726 1811 748 1839; x_wconf 90' lang='lat' dir='ltr'>e</span> <span class='ocrx_word' id='word_1_201' title='bbox 784 1799 882 1850; x_wconf 85' lang='lat' dir='ltr'>Iuv.</span> <span class='ocrx_word' id='word_1_202' title='bbox 919 1800 989 1839; x_wconf 88' lang='lat'>111</span> <span class='ocrx_word' id='word_1_203' title='bbox 1026 1799 1114 1840; x_wconf 85' lang='lat'>336</span> <span class='ocrx_word' id='word_1_204' title='bbox 1148 1812 1209 1851; x_wconf 89' lang='lat' dir='ltr'>sq.</span> <span class='ocrx_word' id='word_1_205' title='bbox 1246 1818 1294 1833; x_wconf 88' lang='lat'><strong><em>=</em></strong></span> <span class='ocrx_word' id='word_1_206' title='bbox 1326 1800 1458 1840; x_wconf 90' lang='lat' dir='ltr'>Mtth.</span> <span class='ocrx_word' id='word_1_207' title='bbox 1491 1801 1627 1841; x_wconf 87' lang='lat' dir='ltr'>XVII</span> 
     </span>
     <span class='ocr_line' id='line_1_28' title="bbox 193 1856 1627 1916; baseline 0.003 -16"><span class='ocrx_word' id='word_1_208' title='bbox 193 1862 216 1900; x_wconf 90' lang='lat'><em>7</em></span> <span class='ocrx_word' id='word_1_209' title='bbox 252 1874 336 1912; x_wconf 83' lang='lat' dir='ltr'>sq.:</span> <span class='ocrx_word' id='word_1_210' title='bbox 373 1864 612 1903; x_wconf 83' lang='lat' dir='ltr'>Iuvencus</span> <span class='ocrx_word' id='word_1_211' title='bbox 648 1864 902 1914; x_wconf 87' lang='lat' dir='ltr'>coniungit</span> <span class='ocrx_word' id='word_1_212' title='bbox 935 1863 1115 1903; x_wconf 83' lang='lat' dir='ltr'>Christi</span> <span class='ocrx_word' id='word_1_213' title='bbox 1148 1856 1309 1915; x_wconf 19' lang='lat' dir='ltr'>verb-a,</span> <span class='ocrx_word' id='word_1_214' title='bbox 1347 1877 1468 1914; x_wconf 91' lang='lat' dir='ltr'>quae</span> <span class='ocrx_word' id='word_1_215' title='bbox 1502 1865 1627 1916; x_wconf 89' lang='lat' dir='ltr'>apud</span> 
     </span>
     <span class='ocr_line' id='line_1_29' title="bbox 193 1925 1626 1979; baseline 0.004 -17"><span class='ocrx_word' id='word_1_216' title='bbox 193 1925 540 1975; x_wconf 87' lang='lat' dir='ltr'>evangelistam</span> <span class='ocrx_word' id='word_1_217' title='bbox 583 1925 861 1971; x_wconf 85' lang='lat' dir='ltr'>dividuntur</span> <span class='ocrx_word' id='word_1_218' title='bbox 900 1926 948 1965; x_wconf 94' lang='lat' dir='ltr'>in</span> <span class='ocrx_word' id='word_1_219' title='bbox 988 1939 1055 1966; x_wconf 92' lang='lat' dir='ltr'>vv.</span> <span class='ocrx_word' id='word_1_220' title='bbox 1091 1926 1114 1965; x_wconf 87' lang='lat'><strong>7</strong></span> <span class='ocrx_word' id='word_1_221' title='bbox 1149 1930 1195 1966; x_wconf 89' lang='lat' dir='ltr'>et</span> <span class='ocrx_word' id='word_1_222' title='bbox 1231 1927 1273 1979; x_wconf 86' lang='lat'>9,</span> <span class='ocrx_word' id='word_1_223' title='bbox 1315 1930 1412 1966; x_wconf 91' lang='lat' dir='ltr'>tum</span> <span class='ocrx_word' id='word_1_224' title='bbox 1446 1927 1626 1968; x_wconf 90' lang='lat' dir='ltr'>demum</span> 
     </span>
     <span class='ocr_line' id='line_1_30' title="bbox 192 1989 508 2029; baseline 0.013 -4"><span class='ocrx_word' id='word_1_225' title='bbox 192 1990 439 2029; x_wconf 85' lang='lat' dir='ltr'>tractat.v.</span> <span class='ocrx_word' id='word_1_226' title='bbox 468 1989 508 2029; x_wconf 87' lang='grc'>8.-</span> 
     </span>
    </p>
   </div>
   <div class='ocr_carea' id='block_1_6' title="bbox 192 2054 1626 2382">
    <p class='ocr_par' dir='ltr' id='par_1_6' title="bbox 192 2054 1626 2382">
     <span class='ocr_line' id='line_1_31' title="bbox 362 2054 1415 2106; baseline 0.004 -12"><span class='ocrx_word' id='word_1_227' title='bbox 362 2054 698 2105; x_wconf 79' lang='lat' dir='ltr'>Evangelista.</span> <span class='ocrx_word' id='word_1_228' title='bbox 892 2056 896 2090; x_wconf 88' lang='grc' dir='ltr'>Ι</span> <span class='ocrx_word' id='word_1_229' title='bbox 1146 2055 1415 2106; x_wconf 83' lang='lat' dir='ltr'>Iuvencus.</span> 
     </span>
     <span class='ocr_line' id='line_1_32' title="bbox 192 2121 1626 2382; baseline 0.003 -227"><span class='ocrx_word' id='word_1_230' title='bbox 192 2142 289 2175; x_wconf 67' lang='lat' dir='ltr'>Mffll¹</span> <span class='ocrx_word' id='word_1_231' title='bbox 312 2143 430 2177; x_wconf 78' lang='lat' dir='ltr'><strong>XVII</strong></span> <span class='ocrx_word' id='word_1_232' title='bbox 452 2148 487 2179; x_wconf 62' lang='lat'>7:</span> <span class='ocrx_word' id='word_1_233' title='bbox 518 2146 570 2179; x_wconf 62' lang='lat' dir='ltr'>Et</span> <span class='ocrx_word' id='word_1_234' title='bbox 592 2146 738 2180; x_wconf 56' lang='lat' dir='ltr'><strong><em>accessit</em></strong></span> <span class='ocrx_word' id='word_1_235' title='bbox 753 2121 797 2179; x_wconf 56' lang='lat' dir='ltr'>‘Ie</span> <span class='ocrx_word' id='word_1_236' title='bbox 805 2156 821 2179; x_wconf 74' lang='lat'>8</span> <span class='ocrx_word' id='word_1_237' title='bbox 830 2157 853 2179; x_wconf 66' lang='lat' dir='ltr'><strong><em>u</em></strong></span> <span class='ocrx_word' id='word_1_238' title='bbox 861 2156 878 2178; x_wconf 72' lang='lat'><strong><em>3</em></strong></span> <span class='ocrx_word' id='word_1_239' title='bbox 914 2134 980 2382; x_wconf 33' lang='grc' dir='ltr'>ἒς.</span> <span class='ocrx_word' id='word_1_240' title='bbox 993 2150 1000 2158; x_wconf 95' lang='grc'><strong><em>.</em></strong></span> <span class='ocrx_word' id='word_1_241' title='bbox 1012 2126 1129 2158; x_wconf 86' lang='lat' dir='ltr'>saneto</span> <span class='ocrx_word' id='word_1_242' title='bbox 1142 2124 1274 2158; x_wconf 79' lang='lat' dir='ltr'>Christi</span> <span class='ocrx_word' id='word_1_243' title='bbox 1285 2125 1358 2158; x_wconf 86' lang='lat' dir='ltr'>nisi</span> <span class='ocrx_word' id='word_1_244' title='bbox 1371 2126 1517 2159; x_wconf 77' lang='lat' dir='ltr'>deoetera</span> <span class='ocrx_word' id='word_1_245' title='bbox 1531 2128 1626 2161; x_wconf 82' lang='lat' dir='ltr'>tactu</span> 
     </span>
    </p>
   </div>
   <div class='ocr_carea' id='block_1_7' title="bbox 191 1080 528 1121">
    <p class='ocr_par' dir='ltr' id='par_1_7' title="bbox 191 1080 528 1121">
     <span class='ocr_line' id='line_1_33' title="bbox 191 1080 528 1121; baseline 0.003 -2"><span class='ocrx_word' id='word_1_246' title='bbox 191 1080 302 1120; x_wconf 84' lang='lat' dir='ltr'>Mtth.</span> <span class='ocrx_word' id='word_1_247' title='bbox 311 1081 411 1121; x_wconf 92' lang='lat' dir='ltr'>XIII</span> <span class='ocrx_word' id='word_1_248' title='bbox 419 1080 469 1120; x_wconf 86' lang='lat'>27</span> <span class='ocrx_word' id='word_1_249' title='bbox 479 1099 528 1114; x_wconf 91' lang='lat'><strong><em>=</em></strong></span> 
     </span>
    </p>
   </div>
   <div class='ocr_carea' id='block_1_8' title="bbox 545 1030 557 1194">
    <p class='ocr_par' dir='ltr' id='par_1_8' title="bbox 545 1030 557 1194">
     <span class='ocr_line' id='line_1_34' title="bbox 545 1030 557 1194; baseline 0 1710"><span class='ocrx_word' id='word_1_250' title='bbox 545 1030 557 1194; x_wconf 95' lang='lat' dir='ltr'> </span> 
     </span>
    </p>
   </div>
   <div class='ocr_carea' id='block_1_9' title="bbox 216 1206 518 1246">
    <p class='ocr_par' dir='ltr' id='par_1_9' title="bbox 216 1206 518 1246">
     <span class='ocr_line' id='line_1_35' title="bbox 216 1206 518 1246; baseline 0 -1"><span class='ocrx_word' id='word_1_251' title='bbox 216 1206 329 1245; x_wconf 84' lang='lat' dir='ltr'>Mtth.</span> <span class='ocrx_word' id='word_1_252' title='bbox 346 1207 447 1246; x_wconf 92' lang='lat' dir='ltr'>XIII</span> <span class='ocrx_word' id='word_1_253' title='bbox 467 1206 518 1245; x_wconf 89' lang='lat'>28</span> 
     </span>
    </p>
   </div>
   <div class='ocr_carea' id='block_1_10' title="bbox 548 1227 558 1328">
    <p class='ocr_par' dir='ltr' id='par_1_10' title="bbox 548 1227 558 1328">
     <span class='ocr_line' id='line_1_36' title="bbox 548 1227 558 1328; baseline 0 1576"><span class='ocrx_word' id='word_1_254' title='bbox 548 1227 558 1328; x_wconf 95' lang='lat' dir='ltr'> </span> 
     </span>
    </p>
   </div>
   <div class='ocr_carea' id='block_1_11' title="bbox 1311 1578 1625 1618">
    <p class='ocr_par' dir='ltr' id='par_1_11' title="bbox 1311 1578 1625 1618">
     <span class='ocr_line' id='line_1_37' title="bbox 1311 1578 1625 1618; baseline -0.003 -1"><span class='ocrx_word' id='word_1_255' title='bbox 1311 1578 1437 1617; x_wconf 84' lang='lat' dir='ltr'>Mtth.</span> <span class='ocrx_word' id='word_1_256' title='bbox 1454 1578 1554 1617; x_wconf 93' lang='lat' dir='ltr'>XIII</span> <span class='ocrx_word' id='word_1_257' title='bbox 1564 1579 1625 1618; x_wconf 89' lang='lat'>30.</span> 
     </span>
    </p>
   </div>
   <div class='ocr_carea' id='block_1_12' title="bbox 234 2178 1628 2242">
    <p class='ocr_par' dir='ltr' id='par_1_12' title="bbox 234 2178 1628 2242">
     <span class='ocr_line' id='line_1_38' title="bbox 234 2178 1628 2242; baseline 0.003 -32"><span class='ocrx_word' id='word_1_258' title='bbox 234 2197 266 2229; x_wconf 67' lang='lat' dir='ltr'>et</span> <span class='ocrx_word' id='word_1_259' title='bbox 288 2196 402 2239; x_wconf 44' lang='lat' dir='ltr'><em>teti-qa</em></span> <span class='ocrx_word' id='word_1_260' title='bbox 424 2208 481 2230; x_wconf 63' lang='lat'>303</span> <span class='ocrx_word' id='word_1_261' title='bbox 501 2199 716 2242; x_wconf 77' lang='lat' dir='ltr'>diaeitqne:</span> <span class='ocrx_word' id='word_1_262' title='bbox 933 2178 1142 2211; x_wconf 84' lang='lat' dir='ltr'>Demulcens</span> <span class='ocrx_word' id='word_1_263' title='bbox 1200 2178 1338 2211; x_wconf 81' lang='lat' dir='ltr'>blandis</span> <span class='ocrx_word' id='word_1_264' title='bbox 1396 2180 1628 2223; x_wconf 80' lang='lat' dir='ltr'>firmasset</span> 
     </span>
    </p>
   </div>
   <div class='ocr_carea' id='block_1_13' title="bbox 331 2223 1626 2319">
    <p class='ocr_par' dir='ltr' id='par_1_13' title="bbox 331 2223 1626 2319">
     <span class='ocr_line' id='line_1_39' title="bbox 417 2223 1606 2263; baseline -0.001 -5"><span class='ocrx_word' id='word_1_265' title='bbox 417 2250 439 2258; x_wconf 82' lang='lat'>..</span> <span class='ocrx_word' id='word_1_266' title='bbox 485 2254 489 2258; x_wconf 90' lang='lat'>.</span> <span class='ocrx_word' id='word_1_267' title='bbox 555 2255 575 2261; x_wconf 75' lang='grc'>,,</span> <span class='ocrx_word' id='word_1_268' title='bbox 616 2252 622 2259; x_wconf 94' lang='grc'><strong><em>.</em></strong></span> <span class='ocrx_word' id='word_1_269' title='bbox 699 2253 706 2260; x_wconf 98' lang='grc'><strong><em>.</em></strong></span> <span class='ocrx_word' id='word_1_270' title='bbox 1238 2223 1419 2263; x_wconf 76' lang='lat' dir='ltr'>pectora</span> <span class='ocrx_word' id='word_1_271' title='bbox 1441 2224 1606 2257; x_wconf 82' lang='lat' dir='ltr'>verbis:</span> 
     </span>
     <span class='ocr_line' id='line_1_40' title="bbox 331 2249 1626 2319; baseline 0.002 -11"><span class='ocrx_word' id='word_1_272' title='bbox 331 2249 473 2292; x_wconf 47' lang='lat' dir='ltr'><em>surque</em></span> <span class='ocrx_word' id='word_1_273' title='bbox 496 2252 529 2283; x_wconf 67' lang='lat' dir='ltr'>et</span> <span class='ocrx_word' id='word_1_274' title='bbox 549 2253 659 2314; x_wconf 31' lang='lat' dir='ltr'><em>‘&#39;mme-</em></span> <span class='ocrx_word' id='word_1_275' title='bbox 679 2255 817 2287; x_wconf 53' lang='lat' dir='ltr'><em>umere!</em></span> <span class='ocrx_word' id='word_1_276' title='bbox 837 2266 878 2281; x_wconf 67' lang='grc' dir='ltr'>Σ</span> <span class='ocrx_word' id='word_1_277' title='bbox 962 2274 1075 2317; x_wconf 76' lang='lat' dir='ltr'>uryite</span> <span class='ocrx_word' id='word_1_278' title='bbox 1103 2276 1135 2307; x_wconf 89' lang='lat' dir='ltr'>et</span> <span class='ocrx_word' id='word_1_279' title='bbox 1164 2274 1333 2308; x_wconf 83' lang='lat' dir='ltr'>abiectum</span> <span class='ocrx_word' id='word_1_280' title='bbox 1359 2277 1473 2319; x_wconf 81' lang='lat' dir='ltr'>fortes</span> <span class='ocrx_word' id='word_1_281' title='bbox 1496 2277 1626 2310; x_wconf 80' lang='lat' dir='ltr'>calcate</span> 
     </span>
    </p>
   </div>
   <div class='ocr_carea' id='block_1_14' title="bbox 1178 2317 1449 2364">
    <p class='ocr_par' dir='ltr' id='par_1_14' title="bbox 1178 2317 1449 2364">
     <span class='ocr_line' id='line_1_41' title="bbox 1178 2317 1449 2364; baseline 0.007 -14"><span class='ocrx_word' id='word_1_282' title='bbox 1178 2362 1180 2364; x_wconf 17' lang='lat' dir='ltr'>v</span> <span class='ocrx_word' id='word_1_283' title='bbox 1227 2317 1386 2352; x_wconf 88' lang='lat' dir='ltr'>timorem</span> <span class='ocrx_word' id='word_1_284' title='bbox 1445 2352 1449 2356; x_wconf 79' lang='grc'><strong>,</strong></span> 
     </span>
    </p>
   </div>
   <div class='ocr_carea' id='block_1_15' title="bbox 192 2375 1627 2654">
    <p class='ocr_par' dir='ltr' id='par_1_15' title="bbox 192 2375 1627 2654">
     <span class='ocr_line' id='line_1_42' title="bbox 192 2375 1627 2654; baseline -0.019 -215"><span class='ocrx_word' id='word_1_285' title='bbox 192 2382 290 2439; x_wconf 85' lang='lat' dir='ltr'>Mtth.</span> <span class='ocrx_word' id='word_1_286' title='bbox 319 2388 437 2447; x_wconf 94' lang='lat' dir='ltr'>XVII</span> <span class='ocrx_word' id='word_1_287' title='bbox 465 2411 501 2450; x_wconf 78' lang='lat'>9:</span> <span class='ocrx_word' id='word_1_288' title='bbox 530 2433 538 2442; x_wconf 83' lang='lat'><em>,</em></span> <span class='ocrx_word' id='word_1_289' title='bbox 560 2416 569 2447; x_wconf 56' lang='lat'>‚-</span> <span class='ocrx_word' id='word_1_290' title='bbox 594 2434 601 2441; x_wconf 71' lang='grc'><strong>,</strong></span> <span class='ocrx_word' id='word_1_291' title='bbox 625 2434 632 2441; x_wconf 65' lang='grc'><em>,</em></span> <span class='ocrx_word' id='word_1_292' title='bbox 658 2384 882 2452; x_wconf 46' lang='grc' dir='ltr'>Ρναεςὶῥῆ</span> <span class='ocrx_word' id='word_1_293' title='bbox 867 2376 1022 2654; x_wconf 63' lang='lat' dir='ltr'>t3Nec</span> <span class='ocrx_word' id='word_1_294' title='bbox 1043 2375 1203 2449; x_wconf 72' lang='lat' dir='ltr'>cuiquam</span> <span class='ocrx_word' id='word_1_295' title='bbox 1228 2379 1627 2454; x_wconf 48' lang='grc' dir='ltr'>ἇζῖιέεὲἒιῖωέαηάαίαν</span> 
     </span>
    </p>
   </div>
   <div class='ocr_carea' id='block_1_16' title="bbox 234 2459 1626 2559">
    <p class='ocr_par' dir='ltr' id='par_1_16' title="bbox 234 2459 1626 2559">
     <span class='ocr_line' id='line_1_43' title="bbox 234 2459 1626 2517; baseline 0.005 -25"><span class='ocrx_word' id='word_1_296' title='bbox 234 2459 329 2493; x_wconf 87' lang='lat' dir='ltr'>illis</span> <span class='ocrx_word' id='word_1_297' title='bbox 352 2460 476 2494; x_wconf 82' lang='lat' dir='ltr'>Iesus</span> <span class='ocrx_word' id='word_1_298' title='bbox 498 2461 662 2494; x_wconf 83' lang='lat' dir='ltr'>dicens:</span> <span class='ocrx_word' id='word_1_299' title='bbox 699 2463 816 2496; x_wconf 88' lang='lat' dir='ltr'>Videte</span> <span class='ocrx_word' id='word_1_300' title='bbox 838 2473 880 2506; x_wconf 82' lang='lat' dir='ltr'>ne</span> <span class='ocrx_word' id='word_1_301' title='bbox 936 2472 986 2507; x_wconf 61' lang='lat' dir='ltr'>Ni</span> <span class='ocrx_word' id='word_1_302' title='bbox 1002 2472 1108 2515; x_wconf 57' lang='lat' dir='ltr'>prius</span> <span class='ocrx_word' id='word_1_303' title='bbox 1130 2472 1195 2505; x_wconf 69' lang='lat' dir='ltr'>huc</span> <span class='ocrx_word' id='word_1_304' title='bbox 1217 2472 1367 2508; x_wconf 63' lang='lat' dir='ltr'>hominis</span> <span class='ocrx_word' id='word_1_305' title='bbox 1391 2474 1525 2508; x_wconf 64' lang='lat' dir='ltr'>suboles</span> <span class='ocrx_word' id='word_1_306' title='bbox 1554 2485 1626 2517; x_wconf 65' lang='lat' dir='ltr'>spe-</span> 
     </span>
     <span class='ocr_line' id='line_1_44' title="bbox 235 2506 1498 2559; baseline 0.004 -13"><span class='ocrx_word' id='word_1_307' title='bbox 235 2506 291 2546; x_wconf 82' lang='lat' dir='ltr'>cui</span> <span class='ocrx_word' id='word_1_308' title='bbox 304 2513 477 2556; x_wconf 77' lang='lat' dir='ltr'>dixeritis,</span> <span class='ocrx_word' id='word_1_309' title='bbox 500 2516 605 2549; x_wconf 88' lang='lat' dir='ltr'>donec</span> <span class='ocrx_word' id='word_1_310' title='bbox 618 2514 715 2557; x_wconf 76' lang='lat' dir='ltr'>filins</span> <span class='ocrx_word' id='word_1_311' title='bbox 730 2516 881 2550; x_wconf 81' lang='lat' dir='ltr'>hominis</span> <span class='ocrx_word' id='word_1_312' title='bbox 1227 2515 1323 2549; x_wconf 83' lang='lat' dir='ltr'>ciosa</span> <span class='ocrx_word' id='word_1_313' title='bbox 1345 2519 1498 2559; x_wconf 77' lang='lat' dir='ltr'>reportet</span> 
     </span>
    </p>
   </div>
   <div class='ocr_carea' id='block_1_17' title="bbox 234 2567 1626 2654">
    <p class='ocr_par' dir='ltr' id='par_1_17' title="bbox 234 2567 1626 2654">
     <span class='ocr_line' id='line_1_45' title="bbox 234 2567 1626 2643; baseline 0.004 -44"><span class='ocrx_word' id='word_1_314' title='bbox 234 2577 256 2599; x_wconf 85' lang='lat' dir='ltr'>a</span> <span class='ocrx_word' id='word_1_315' title='bbox 277 2567 425 2601; x_wconf 81' lang='lat' dir='ltr'>mortuis</span> <span class='ocrx_word' id='word_1_316' title='bbox 446 2570 618 2612; x_wconf 65' lang='lat' dir='ltr'>resurgat.</span> <span class='ocrx_word' id='word_1_317' title='bbox 936 2568 983 2602; x_wconf 92' lang='lat' dir='ltr'>In</span> <span class='ocrx_word' id='word_1_318' title='bbox 1004 2569 1112 2603; x_wconf 81' lang='lat' dir='ltr'>lucem</span> <span class='ocrx_word' id='word_1_319' title='bbox 1137 2569 1294 2643; x_wconf 63' lang='grc' dir='ltr'>νεΐενῗηε</span> <span class='ocrx_word' id='word_1_320' title='bbox 1321 2570 1446 2604; x_wconf 80' lang='lat' dir='ltr'>mortis</span> <span class='ocrx_word' id='word_1_321' title='bbox 1476 2572 1516 2605; x_wconf 90' lang='lat' dir='ltr'>de</span> <span class='ocrx_word' id='word_1_322' title='bbox 1547 2571 1626 2605; x_wconf 83' lang='lat' dir='ltr'>sede</span> 
     </span>
     <span class='ocr_line' id='line_1_46' title="bbox 1242 2622 1382 2654; baseline 0.008 -9"><span class='ocrx_word' id='word_1_323' title='bbox 1242 2622 1382 2654; x_wconf 78' lang='lat' dir='ltr'>ropaea.</span> 
     </span>
    </p>
   </div>
   <div class='ocr_carea' id='block_1_18' title="bbox 1358 2668 1378 2698">
    <p class='ocr_par' dir='ltr' id='par_1_18' title="bbox 1358 2668 1378 2698">
     <span class='ocr_line' id='line_1_47' title="bbox 1358 2668 1378 2698; baseline 0 0"><span class='ocrx_word' id='word_1_324' title='bbox 1358 2668 1378 2698; x_wconf 82' lang='lat'>4</span> 
     </span>
    </p>
   </div>
  </div>
 </body>
</html>
