1800 2904
863 144 916 184 22

218 255 382 303 putasse
423 250 519 290 mihi
562 250 738 303 videtur,
785 249 892 302 quod
942 250 1027 290 eius
1069 251 1244 291 narratio
1287 254 1349 293 est
1390 253 1611 292 accuratior

219 328 340 367 quam
369 316 516 356 Lucae.

326 379 406 419 Alii
438 379 516 418 loci
552 379 697 429 quibus
730 380 946 418 Iuvencum
979 379 1114 418 Marco
1148 391 1262 419 usum
1298 391 1388 420 esse
1426 383 1533 432 puto,
1569 383 1612 419 ut

221 443 386 483 alterius
414 442 689 497 evangelistae
717 442 987 482 narrationem
1015 440 1232 493 suppleret,
1260 445 1352 482 sunt
1379 442 1439 482 hi:

328 506 521 554 Quamvis
539 518 679 546 versus
699 506 783 545 Iuv.
804 506 844 545 II
863 506 940 546 757
968 521 986 541 «
998 503 1080 545 Ille
1106 505 1175 545 sed
1202 507 1362 546 amota
1381 506 1612 547 credentum

213 570 356 621 plebe
382 570 610 622 profatur»
656 570 899 621 compositus
935 570 987 609 sit
1021 568 1240 609 secundum
1275 568 1388 608 Mtth.
1423 569 1525 609 XIII
1563 571 1606 609 11

223 650 240 669 <<
256 633 413 683 Quibus
429 633 674 684 respondeus
693 632 756 673 ait
781 663 789 671 .
811 665 821 674 .
843 663 852 673 .
873 648 922 682 .»,
943 635 1077 672 tamen
1097 632 1205 684 apud
1223 632 1333 671 illum
1352 632 1450 672 nihil
1467 632 1612 683 legitur

213 697 400 748 plebem
419 708 522 736 esse
540 698 756 736 amotam.
796 696 920 735 Marci
939 707 1058 735 versu
1077 695 1133 735 IV
1155 696 1203 735 10
1223 697 1289 746 qui
1307 696 1399 735 huic
1417 695 1610 735 Matthaei

220 761 352 800 versui
386 758 603 812 respondet
639 760 820 811 inspecto
854 759 1024 810 legimus
1060 761 1128 798 «et
1159 771 1264 799 cum
1290 761 1414 799 esset
1439 758 1610 811 sinqu-

222 823 369 873 laris,
397 822 713 875 iuterroyabaut
740 853 748 861 .
780 852 788 861 .
819 853 828 862 .
860 853 867 861 .
898 824 938 861 et
964 822 1026 863 ait
1051 821 1182 862 illis».
1221 823 1395 862 Dubium
1419 836 1498 863 non
1522 836 1611 863 esse

220 892 315 939 puto
335 888 430 937 quin
450 888 613 926 Iuvenci
632 886 757 926 verba
788 890 975 926 «amota
1001 886 1169 937 plebe»
1201 887 1393 937 originem
1418 888 1612 926 traxerint

220 963 242 990 e
275 951 411 990 Marco
455 962 588 989 «cum
625 952 749 988 esset
788 948 1104 1001 singularis»
1152 948 1242 1001 (ὅτε
1276 949 1460 999 ἐγένετο
1495 950 1611 988 κατὰ

221 1013 334 1064 μόνα
345 1012 401 1066 ;);
435 1025 564 1064 neque
599 1014 704 1052 enim
732 1013 864 1052 Lucas
897 1013 994 1052 VIII
1021 1012 1046 1051 9
1076 1013 1287 1063 quicquam
1315 1011 1437 1052 habet
1471 1013 1610 1052 simile.

324 1077 388 1115 Ita
413 1088 478 1115 res
504 1088 547 1114 se
574 1075 697 1114 habet
716 1076 800 1114 Iuv.
820 1075 859 1113 II
877 1075 966 1113 819.
1015 1074 1265 1125 Quamquam
1294 1077 1398 1114 enim
1419 1077 1614 1115 Iuvencus

219 1139 260 1178 in
288 1138 365 1178 fine
394 1138 485 1178 libri
514 1138 620 1178 illius
648 1138 920 1178 narrationem
946 1137 998 1177 ad
1017 1137 1130 1177 Mtth.
1162 1137 1450 1190 accommodat,
1479 1142 1613 1179 tamen

222 1203 262 1241 in
290 1214 408 1241 versu
436 1201 536 1241 819:

380 1295 389 1304 .
420 1295 428 1304 .
459 1264 589 1305 ramis
617 1266 665 1305 ut
684 1264 853 1315 plumea
882 1264 1004 1305 turba

302 1328 508 1369 Couludat
527 1328 733 1379 possitque
761 1328 959 1368 umbras
987 1327 1219 1368 habitare
1245 1328 1489 1368 virentes>

218 1393 293 1432 Mc.
331 1393 386 1432 IV
431 1392 483 1432 32
524 1393 635 1443 sequi
675 1391 771 1431 mihi
812 1391 986 1442 videtur,
1027 1391 1133 1442 quod
1175 1391 1336 1442 quidem
1376 1394 1518 1431 attinet
1558 1391 1612 1431 ad

218 1456 343 1496 verba
366 1471 383 1491 «
397 1455 598 1496 umbras
616 1454 846 1496 habitare
870 1455 1147 1505 virentes»,
1177 1455 1287 1506 apud
1306 1468 1423 1506 quem
1443 1456 1611 1506 legimus

224 1522 300 1559 «at
326 1518 398 1559 ubi
426 1519 608 1568 creverit,
637 1519 687 1568 fit
711 1518 847 1559 maius
874 1518 1061 1559 omuibus
1088 1519 1264 1559 oleribus
1292 1522 1331 1558 et
1355 1518 1460 1570 facit
1478 1531 1612 1559 ramos

218 1594 396 1633 mamam,
426 1582 488 1622 ita
516 1584 565 1621 ut
589 1582 664 1622 sub
693 1582 870 1622 umbra
898 1582 986 1622 eius
1014 1594 1107 1622 aves
1134 1582 1237 1622 caeli
1265 1581 1609 1632 inhabitare»,

220 1658 309 1685 cum
346 1645 459 1684 Mtth.
491 1649 644 1685 tantum
674 1645 783 1686 dicat
802 1646 903 1685 XIII
923 1646 990 1685 32:
1023 1662 1057 1686 «.
1079 1678 1087 1686 .
1111 1677 1117 1684 .
1139 1645 1200 1686 ita
1228 1647 1276 1686 ut
1301 1646 1481 1686 volucres
1508 1646 1611 1686 caeli

218 1709 392 1749 veniant
419 1712 458 1748 et
484 1708 671 1749 habitent
696 1709 744 1749 iu
771 1709 901 1749 ramis
928 1708 1057 1749 eius».
1117 1709 1307 1748 Similiter
1333 1709 1476 1760 legitur
1504 1709 1610 1761 apud

219 1773 287 1812 Lo.
317 1772 418 1811 XIII
450 1772 496 1811 19
530 1788 562 1811 «.
585 1802 594 1811 .
617 1802 624 1811 .
655 1803 663 1811 .
691 1775 729 1812 et
754 1773 933 1813 volucres
961 1772 1063 1812 caeli
1091 1769 1381 1823 requieverunt
1406 1772 1455 1812 iu
1481 1772 1611 1813 ramis

219 1836 349 1875 eius».
420 1835 554 1875 Verba
603 1836 799 1876 «umbras
845 1835 1059 1876 habitare»
1111 1836 1271 1875 minime
1317 1848 1406 1875 esse
1448 1837 1608 1876 Iuvenci

219 1900 487 1938 inventionem
516 1900 715 1951 poeticam
744 1903 852 1951 puto.

324 1964 370 2001 In
398 1963 561 2002 Iuvenci
589 1975 708 2002 versu
727 1964 785 2002 III
806 1962 882 2002 500
914 1962 1109 2002 «Accedit
1134 1961 1421 2013 Christumque
1445 1963 1611 2013 palam

218 2025 491 2065 submissus
510 2025 683 2066 adorat»
715 2026 839 2065 verba
871 2026 1064 2076 «palam
1091 2025 1395 2066 submissus»
1428 2029 1610 2077 spectare

218 2093 313 2140 puto
342 2088 395 2128 ad
419 2088 495 2128 Mc.
523 2089 561 2128 X
592 2090 639 2128 17
670 2091 739 2129 «et
765 2102 856 2129 cum
884 2120 893 2129 .
925 2121 932 2127 .
964 2119 973 2128 .
1003 2118 1012 2127 .
1042 2101 1152 2129 uuus
1181 2089 1241 2129 ad
1265 2102 1478 2141 yeuuam
1506 2089 1610 2130 eius

217 2165 265 2192 se
310 2153 509 2192 volvens
550 2152 925 2205 (γονυπετήσας);
971 2165 1063 2192 nam
1106 2152 1213 2204 apud
1254 2152 1367 2192 Mtth.
1404 2153 1502 2192 XIX
1549 2153 1610 2204 16,

219 2217 281 2256 cui
309 2215 377 2255 ille
406 2215 568 2255 Iuvenci
597 2227 735 2256 versus
772 2215 849 2256 500
886 2219 925 2255 et
959 2217 1027 2267 qui
1064 2215 1307 2256 antecedunt
1341 2216 1419 2256 498
1457 2219 1496 2256 et
1531 2215 1609 2255 499

218 2284 258 2319 et
303 2281 368 2329 qui
416 2283 633 2329 sequuntur
678 2280 751 2318 501
802 2283 842 2318 et
888 2280 966 2319 502
1014 2279 1276 2331 respondent,
1322 2279 1419 2319 nihil
1466 2279 1610 2329 legitur

216 2343 416 2383 hominem
444 2342 597 2382 illum<
594 2343 671 2383 <ad
693 2354 873 2394 yeuuam
902 2341 1057 2383 Christi
1084 2355 1125 2383 se
1152 2342 1355 2383 volvisse.»

323 2406 434 2446 Alios
461 2407 570 2446 locos
604 2407 680 2445 nisi
715 2418 815 2456 quos
850 2419 971 2458 supra
1006 2407 1312 2478 commemoravi
1350 2405 1403 2445 ad
1430 2406 1608 2447 Marcum

219 2482 297 2509 non
325 2468 456 2508 redire
486 2470 682 2509 existimo.

270 2532 314 2584 b)
345 2534 477 2573 Sicut
522 2535 758 2573 luvencus
805 2535 1047 2574 Matthaei
1094 2534 1413 2583 evangelium
1460 2536 1607 2584 quasi

166 2597 474 2637 narrationis
520 2598 889 2637 fundamentum
937 2599 1128 2637 habens
1175 2598 1444 2637 occasione
1491 2598 1608 2638 data
