1800 2904
854 170 967 208 12.

150 287 187 325 p.
220 274 311 313 Chr.
341 288 378 313 n.
407 276 448 313 in
483 275 799 316 occidentalibus
834 276 989 327 imperii
1024 276 1238 327 provinciis
1274 276 1409 326 lingua
1443 287 1590 326 graeca

152 339 281 389 magis
328 339 535 389 magisque
583 339 834 379 obsoleverit.
912 339 994 378 Sed
1047 341 1121 378 etsi
1168 340 1363 389 Iuvencus
1413 340 1589 389 linguam

150 414 338 452 graecam
380 402 587 455 intellexit,
629 406 764 442 tamen
800 414 890 442 eum
926 415 1014 443 cum
1057 406 1163 443 esset
1195 402 1397 454 Hispanus
1438 405 1588 443 textum

149 466 315 506 latinum
344 467 583 518 praetulisse
612 480 757 517 graeco
787 472 1098 507 consentaneum
1126 470 1198 506 est.

257 581 409 628 Quibus
450 582 569 622 rebus
606 584 704 623 satis
740 582 1022 623 demonstratis
1056 586 1181 622 restat
1214 586 1257 622 ut
1291 582 1465 621 breviter
1500 595 1587 633 per-

151 646 392 696 stringamus
420 648 694 696 quaestionem
722 659 802 697 qua
829 648 1012 687 versione
1030 646 1165 686 latina
1193 658 1287 686 usus
1312 647 1362 685 sit
1380 646 1586 685 Iuvencus.

150 709 236 748 Hoc
264 708 425 759 quidem
455 713 605 749 certum
635 714 695 749 est
723 711 937 750 Iuvencum
966 723 1044 750 non
1073 710 1194 749 alium
1222 713 1374 749 textum
1396 709 1587 749 adhibere

148 774 326 823 potuisse
354 774 430 812 nisi
460 777 625 825 textum,
654 775 720 824 qui
740 775 851 825 prius
870 775 1039 825 scriptus
1058 776 1156 825 erat,
1185 785 1303 824 quam
1322 773 1588 826 Hieronymus

148 836 271 876 libros
300 848 436 877 sacros
464 838 669 877 convertit.
727 837 809 878 Sed
836 839 903 878 vix
931 838 1015 878 fieri
1044 851 1162 891 posse
1181 841 1276 890 puto
1302 839 1588 890 ut·1·eperiatur

149 913 236 951 quo
278 902 402 940 latino
443 905 555 940 textu
589 904 784 942 Iuvencus
824 914 919 942 usus
961 903 1024 953 sit,
1066 901 1171 953 quod
1206 903 1387 952 quamvis
1419 914 1587 952 magnus

148 964 304 1005 illorum
327 964 508 1005 codicum
527 978 713 1006 numerus
734 969 910 1006 aetatem
930 966 1075 1017 tulerit,
1104 970 1239 1006 tamen
1258 967 1384 1006 maior
1401 978 1587 1005 numerus

149 1030 320 1068 amissus
329 1033 390 1068 est
402 1031 611 1079 iniquitate
624 1034 855 1081 temporum.
891 1030 953 1068 De
962 1041 1108 1080 magno
1117 1031 1221 1070 enim
1231 1028 1411 1069 codicum
1423 1041 1586 1068 numero

149 1091 246 1131 dicit
264 1093 570 1143 Augustinus
599 1094 639 1131 in
663 1093 764 1132 libro
787 1093 857 1132 «de
877 1092 1063 1133 doctrina
1084 1091 1435 1133 Christianorum»
1458 1092 1495 1143 2,
1519 1093 1585 1132 11:

152 1155 247 1206 «qui
287 1156 515 1207 scripturas
556 1170 605 1196 ex
638 1156 830 1196 Hebraea
871 1156 1016 1208 linqua
1047 1156 1096 1196 iu
1131 1155 1329 1196 Graecam
1362 1158 1584 1206 verterunt,

147 1220 363 1260 numerari
390 1223 575 1271 possunt,
610 1220 760 1261 Latini
795 1223 930 1263 autem
957 1220 1196 1271 interpretes
1222 1220 1339 1260 ‘nullo
1353 1220 1500 1270 -modo;
1540 1223 1589 1260 ut

148 1284 257 1324 euim
300 1284 445 1335 cuique
473 1285 623 1335 primis
656 1285 751 1334 fidei
787 1284 1028 1335 temporibus
1062 1284 1110 1324 iu
1142 1296 1291 1324 marius
1322 1283 1437 1323 veuit
1467 1284 1587 1324 codex

144 1361 317 1400 graecus
359 1351 398 1387 et
437 1348 749 1400 aliquantulum
788 1348 1004 1401 facultatis
1043 1348 1123 1388 sibi
1164 1347 1378 1398 utriusque
1421 1347 1586 1400 linquae

149 1412 297 1452 habere
336 1412 564 1462 videbatur,
609 1426 735 1453 ausus
774 1415 833 1451 est
864 1412 1167 1462 interpretari».
1232 1412 1330 1451 Utut
1363 1415 1436 1462 est,
1476 1412 1584 1450 illam

148 1477 424 1525 quaestionem
452 1476 568 1515 nobis
596 1489 675 1516 non
693 1477 971 1527 proposuimus
1000 1487 1089 1526 quo
1118 1475 1241 1514 latino
1261 1478 1372 1514 textu
1391 1476 1586 1514 Iuvencus
1606 1497 1609 1499 ·

147 1551 243 1579 usus
272 1541 334 1579 sit.
391 1539 547 1579 Sufficit
580 1539 730 1579 dixisse
758 1539 1016 1579 Maroldum
1044 1541 1085 1578 in
1113 1540 1444 1579 commentatione
1472 1551 1585 1590 prae-

148 1603 256 1641 clara
288 1618 304 1637 «
319 1592 423 1642 Uber
451 1603 524 1642 das
541 1602 903 1654 Evauyetienbuch
933 1603 1000 1642 des
1017 1602 1224 1642 Juvencus
1251 1602 1298 1641 iu
1321 1601 1584 1642 seiuem-Ver-

148 1665 306 1706 huztm's
350 1679 444 1705 eum
485 1665 751 1718 Bibelteoet»¹)
800 1666 1023 1706 ostendisse
1063 1667 1166 1705 inter
1206 1669 1265 1705 tot
1304 1666 1586 1705 translationes

148 1729 536 1780 antehieronymicas
567 1733 648 1768 tres
677 1731 856 1780 proxime
885 1729 1078 1769 accedere
1107 1729 1159 1768 ad
1188 1732 1339 1768 textum
1366 1729 1531 1768 latinum
1561 1741 1585 1767 a

146 1794 320 1832 Iuvenco
350 1792 585 1833 adhibitum.
642 1792 741 1832 Sunt
770 1792 930 1833 codices
958 1793 1015 1833 hi:
1052 1792 1387 1833 Vercellensis
1416 1791 1489 1845 (a),
1519 1794 1585 1843 qui

149 1857 308 1897 saeculo
350 1857 416 1896 IV.
460 1857 511 1896 ab
554 1857 726 1895 Eusebio
769 1858 956 1907 episcopo
997 1857 1239 1895 Vercellensi
1287 1857 1456 1906 scriptus
1496 1867 1585 1894 esse

148 1919 303 1970 dicitur,
333 1919 649 1958 Corbeiensis
677 1920 808 1971 prior
838 1918 939 1972 (ffl),
969 1920 1372 1960 Claromontanus
1402 1917 1516 1971 (h)2).

747 2045 902 2097 Caput
929 2044 988 2086 ΙΙ.

255 2121 288 2158 1.
318 2120 430 2159 Nune
461 2119 512 2159 ad
541 2119 582 2158 id
612 2119 717 2169 quod
745 2121 914 2169 primum
943 2120 1057 2158 nobis
1076 2121 1354 2170 proposuimus
1372 2131 1585 2169 pergamus

147 2185 393 2233 quomodo
444 2183 639 2221 Iuvencus
690 2185 955 2233 evangelia
1001 2185 1227 2223 versibus
1280 2184 1584 2222 hexametris

147 2249 469 2297 expresserit.
533 2246 614 2286 Sed
647 2247 878 2298 priusquam
921 2247 1079 2298 singula
1119 2258 1353 2298 persequar,
1395 2248 1443 2285 in
1484 2247 1584 2284 uni-

253 2373 277 2413 1)
301 2373 396 2405 Haec
415 2373 662 2406 commentatio
678 2373 850 2414 reperitur
865 2373 915 2406 in:
940 2373 1167 2415 «Zeitschrift
1180 2374 1243 2415 fiir
1257 2371 1585 2413 wissenschaftliche

149 2426 353 2468 Theoloyie»
381 2426 572 2465 XXXIII,
597 2428 691 2465 1890,
710 2437 747 2468 p.
771 2428 836 2459 329
857 2437 904 2468 sq.

252 2480 278 2520 2)
302 2479 355 2512 De
381 2479 560 2512 codicibus
584 2479 964 2523 antehierieronymicis
988 2480 1086 2513 vide:
1118 2480 1179 2513 «L.
1204 2479 1393 2520 Zieyler,
1423 2478 1494 2511 Die
1523 2478 1584 2512 lat.

145 2533 520 2574 Bibelitbersetzunqen
527 2544 589 2565 vor
597 2533 836 2575 Hieronymus
843 2534 915 2565 und
923 2533 978 2566 die
987 2533 1081 2565 Itala
1089 2533 1148 2565 des
1156 2532 1212 2565 Au
1214 2531 1386 2574 qustiuus,
1398 2530 1584 2572 Mundam,

146 2589 249 2620 1879»
287 2588 323 2619 et
353 2585 706 2629 «Realemyklopitdie
734 2587 761 2630 f.
782 2589 926 2629 protest.
961 2587 1141 2629 Theoloyie
1173 2598 1204 2619 u.
1235 2585 1365 2623 Kirche
1393 2585 1470 2618 III.
1498 2596 1524 2619 s.
1552 2597 1583 2619 v.

148 2641 573 2681 «Bibeliibcrsetzuuyen».
