<?xml version="1.0" encoding="UTF-8"?>
<!DOCTYPE html PUBLIC "-//W3C//DTD XHTML 1.0 Transitional//EN"
    "http://www.w3.org/TR/xhtml1/DTD/xhtml1-transitional.dtd">
<html xmlns="http://www.w3.org/1999/xhtml" xml:lang="en" lang="en">
 <head>
  <title>
</title>
<meta http-equiv="Content-Type" content="text/html;charset=utf-8" />
  <meta name='ocr-system' content='tesseract 3.04.00' />
  <meta name='ocr-capabilities' content='ocr_page ocr_carea ocr_par ocr_line ocrx_word'/>
</head>
<body>
  <div class='ocr_page' id='page_1' title='image "4737235_0019.png"; bbox 0 0 1800 2904; ppageno 0'>
   <div class='ocr_carea' id='block_1_1' title="bbox 870 226 893 264">
    <p class='ocr_par' dir='ltr' id='par_1_1' title="bbox 870 226 893 264">
     <span class='ocr_line' id='line_1_1' title="bbox 870 226 893 264; baseline 0 0"><span class='ocrx_word' id='word_1_1' title='bbox 870 226 893 264; x_wconf 86' lang='lat'>5</span> 
     </span>
    </p>
   </div>
   <div class='ocr_carea' id='block_1_2' title="bbox 755 281 1001 288">
    <p class='ocr_par' dir='ltr' id='par_1_2' title="bbox 755 281 1001 288">
     <span class='ocr_line' id='line_1_2' title="bbox 755 281 1001 288; baseline 0 2616"><span class='ocrx_word' id='word_1_2' title='bbox 755 281 1001 288; x_wconf 95' lang='lat' dir='ltr'> </span> 
     </span>
    </p>
   </div>
   <div class='ocr_carea' id='block_1_3' title="bbox 165 331 1601 449">
    <p class='ocr_par' dir='ltr' id='par_1_3' title="bbox 165 331 1601 449">
     <span class='ocr_line' id='line_1_3' title="bbox 243 331 1601 379; baseline -0.004 -6"><span class='ocrx_word' id='word_1_3' title='bbox 243 334 394 373; x_wconf 84' lang='lat' dir='ltr'>Eodem</span> <span class='ocrx_word' id='word_1_4' title='bbox 424 333 540 372; x_wconf 91' lang='lat' dir='ltr'>modo</span> <span class='ocrx_word' id='word_1_5' title='bbox 566 334 708 372; x_wconf 88' lang='lat' dir='ltr'>retinet</span> <span class='ocrx_word' id='word_1_6' title='bbox 726 334 922 372; x_wconf 77' lang='lat' dir='ltr'>Iuvencus</span> <span class='ocrx_word' id='word_1_7' title='bbox 946 331 1230 370; x_wconf 86' lang='lat' dir='ltr'>vocabulum</span> <span class='ocrx_word' id='word_1_8' title='bbox 1256 333 1416 369; x_wconf 89' lang='lat' dir='ltr'>textus</span> <span class='ocrx_word' id='word_1_9' title='bbox 1438 331 1601 379; x_wconf 86' lang='lat' dir='ltr'>graeci</span> 
     </span>
     <span class='ocr_line' id='line_1_4' title="bbox 165 393 1600 449; baseline -0.006 -10"><span class='ocrx_word' id='word_1_10' title='bbox 165 398 492 449; x_wconf 87' lang='lat' dir='ltr'>compositum,</span> <span class='ocrx_word' id='word_1_11' title='bbox 520 397 662 447; x_wconf 90' lang='lat' dir='ltr'>quibus</span> <span class='ocrx_word' id='word_1_12' title='bbox 688 397 787 436; x_wconf 90' lang='lat' dir='ltr'>locis</span> <span class='ocrx_word' id='word_1_13' title='bbox 814 399 975 435; x_wconf 87' lang='lat' dir='ltr'>textus</span> <span class='ocrx_word' id='word_1_14' title='bbox 1003 395 1142 435; x_wconf 90' lang='lat' dir='ltr'>latini</span> <span class='ocrx_word' id='word_1_15' title='bbox 1161 394 1356 446; x_wconf 84' lang='lat' dir='ltr'><strong>praebent</strong></span> <span class='ocrx_word' id='word_1_16' title='bbox 1376 393 1600 444; x_wconf 86' lang='lat' dir='ltr'>simplex:</span> 
     </span>
    </p>
   </div>
   <div class='ocr_carea' id='block_1_4' title="bbox 320 467 1600 522">
    <p class='ocr_par' dir='ltr' id='par_1_4' title="bbox 320 467 1600 522">
     <span class='ocr_line' id='line_1_5' title="bbox 320 467 1600 522; baseline -0.006 -12"><span class='ocrx_word' id='word_1_17' title='bbox 320 470 437 522; x_wconf 89' lang='lat' dir='ltr'><strong>Apud</strong></span> <span class='ocrx_word' id='word_1_18' title='bbox 464 471 575 511; x_wconf 84' lang='lat' dir='ltr'>Mtth.</span> <span class='ocrx_word' id='word_1_19' title='bbox 601 471 680 509; x_wconf 93' lang='lat' dir='ltr'>XX</span> <span class='ocrx_word' id='word_1_20' title='bbox 701 470 751 509; x_wconf 86' lang='lat'>25</span> <span class='ocrx_word' id='word_1_21' title='bbox 783 485 814 507; x_wconf 85' lang='lat'>«.</span> <span class='ocrx_word' id='word_1_22' title='bbox 839 501 844 507; x_wconf 95' lang='lat'><em>.</em></span> <span class='ocrx_word' id='word_1_23' title='bbox 868 500 875 506; x_wconf 96' lang='lat'>.</span> <span class='ocrx_word' id='word_1_24' title='bbox 899 501 907 509; x_wconf 90' lang='lat'><strong><em>.</em></strong></span> <span class='ocrx_word' id='word_1_25' title='bbox 928 469 962 506; x_wconf 86' lang='grc' dir='ltr'>οἱ</span> <span class='ocrx_word' id='word_1_26' title='bbox 990 468 1174 520; x_wconf 83' lang='grc' dir='ltr'>ἄρχοντες</span> <span class='ocrx_word' id='word_1_27' title='bbox 1203 471 1275 504; x_wconf 87' lang='grc' dir='ltr'>τῶν</span> <span class='ocrx_word' id='word_1_28' title='bbox 1306 467 1424 504; x_wconf 82' lang='grc' dir='ltr'><strong>ἐθνῶν</strong></span> <span class='ocrx_word' id='word_1_29' title='bbox 1455 480 1600 503; x_wconf 84' lang='grc' dir='ltr'>κατα-</span> 
     </span>
    </p>
   </div>
   <div class='ocr_carea' id='block_1_5' title="bbox 216 528 1600 772">
    <p class='ocr_par' dir='ltr' id='par_1_5' title="bbox 216 528 1600 772">
     <span class='ocr_line' id='line_1_6' title="bbox 216 528 1598 585; baseline -0.006 -12"><span class='ocrx_word' id='word_1_30' title='bbox 216 535 512 585; x_wconf 83' lang='grc' dir='ltr'>κυριεύουσιν</span> <span class='ocrx_word' id='word_1_31' title='bbox 547 533 667 576; x_wconf 83' lang='grc' dir='ltr'>αὐτῶν</span> <span class='ocrx_word' id='word_1_32' title='bbox 702 533 764 571; x_wconf 84' lang='grc' dir='ltr'>καὶ</span> <span class='ocrx_word' id='word_1_33' title='bbox 800 532 834 569; x_wconf 85' lang='grc' dir='ltr'>οἱ</span> <span class='ocrx_word' id='word_1_34' title='bbox 869 533 1028 581; x_wconf 83' lang='grc' dir='ltr'>μεγάλοι</span> <span class='ocrx_word' id='word_1_35' title='bbox 1057 530 1407 573; x_wconf 75' lang='grc' dir='ltr'>κατεξουσιάζουσιν</span> <span class='ocrx_word' id='word_1_36' title='bbox 1437 528 1598 567; x_wconf 84' lang='grc' dir='ltr'>αὐτῶν.»</span> 
     </span>
     <span class='ocr_line' id='line_1_7' title="bbox 216 592 1600 648; baseline -0.006 -9"><span class='ocrx_word' id='word_1_37' title='bbox 216 602 346 639; x_wconf 88' lang='lat' dir='ltr'>exstat</span> <span class='ocrx_word' id='word_1_38' title='bbox 387 599 621 638; x_wconf 90' lang='lat' dir='ltr'>vocabulum</span> <span class='ocrx_word' id='word_1_39' title='bbox 663 597 922 648; x_wconf 90' lang='lat' dir='ltr'>compositum</span> <span class='ocrx_word' id='word_1_40' title='bbox 966 593 1402 643; x_wconf 80' lang='grc' dir='ltr'>«κατακυριεύουσιν</span> <span class='ocrx_word' id='word_1_41' title='bbox 1415 609 1449 643; x_wconf 88' lang='lat'>»‚</span> <span class='ocrx_word' id='word_1_42' title='bbox 1494 592 1600 642; x_wconf 92' lang='lat' dir='ltr'>quod</span> 
     </span>
     <span class='ocr_line' id='line_1_8' title="bbox 217 655 1599 710; baseline -0.006 -8"><span class='ocrx_word' id='word_1_43' title='bbox 217 675 305 702; x_wconf 90' lang='lat' dir='ltr'>cum</span> <span class='ocrx_word' id='word_1_44' title='bbox 333 662 514 702; x_wconf 90' lang='lat' dir='ltr'>omnibus</span> <span class='ocrx_word' id='word_1_45' title='bbox 534 662 575 700; x_wconf 93' lang='lat' dir='ltr'>in</span> <span class='ocrx_word' id='word_1_46' title='bbox 594 659 799 701; x_wconf 83' lang='lat' dir='ltr'>codicibus</span> <span class='ocrx_word' id='word_1_47' title='bbox 818 659 954 698; x_wconf 86' lang='lat' dir='ltr'>latinis</span> <span class='ocrx_word' id='word_1_48' title='bbox 973 657 1193 710; x_wconf 81' lang='lat' dir='ltr'>explicetur</span> <span class='ocrx_word' id='word_1_49' title='bbox 1211 656 1407 696; x_wconf 91' lang='lat' dir='ltr'>vocabulo</span> <span class='ocrx_word' id='word_1_50' title='bbox 1427 655 1599 707; x_wconf 85' lang='lat' dir='ltr'>simplici</span> 
     </span>
     <span class='ocr_line' id='line_1_9' title="bbox 217 720 1597 772; baseline -0.005 -6"><span class='ocrx_word' id='word_1_51' title='bbox 217 723 589 766; x_wconf 73' lang='lat' dir='ltr'>«dominantur»</span> <span class='ocrx_word' id='word_1_52' title='bbox 621 726 817 763; x_wconf 88' lang='lat' dir='ltr'>Iuvencus</span> <span class='ocrx_word' id='word_1_53' title='bbox 845 724 905 762; x_wconf 90' lang='lat' dir='ltr'>III</span> <span class='ocrx_word' id='word_1_54' title='bbox 924 722 1000 761; x_wconf 84' lang='lat'>603</span> <span class='ocrx_word' id='word_1_55' title='bbox 1029 722 1158 772; x_wconf 87' lang='lat' dir='ltr'>magis</span> <span class='ocrx_word' id='word_1_56' title='bbox 1186 722 1304 760; x_wconf 86' lang='lat' dir='ltr'>vertit</span> <span class='ocrx_word' id='word_1_57' title='bbox 1333 720 1385 760; x_wconf 92' lang='lat' dir='ltr'>ad</span> <span class='ocrx_word' id='word_1_58' title='bbox 1415 721 1597 759; x_wconf 85' lang='lat' dir='ltr'>verbum:</span> 
     </span>
    </p>
   </div>
   <div class='ocr_carea' id='block_1_6' title="bbox 351 795 1534 974">
    <p class='ocr_par' dir='ltr' id='par_1_6' title="bbox 351 795 1534 974">
     <span class='ocr_line' id='line_1_10' title="bbox 351 795 1255 846; baseline -0.006 -9"><span class='ocrx_word' id='word_1_59' title='bbox 351 797 574 837; x_wconf 75' lang='lat' dir='ltr'>«Gentibus</span> <span class='ocrx_word' id='word_1_60' title='bbox 601 796 742 846; x_wconf 80' lang='lat' dir='ltr'>infidis</span> <span class='ocrx_word' id='word_1_61' title='bbox 769 797 875 835; x_wconf 85' lang='lat' dir='ltr'>celsa</span> <span class='ocrx_word' id='word_1_62' title='bbox 903 795 1058 834; x_wconf 81' lang='lat' dir='ltr'>dicione</span> <span class='ocrx_word' id='word_1_63' title='bbox 1078 796 1255 844; x_wconf 78' lang='lat' dir='ltr'>potestas</span> 
     </span>
     <span class='ocr_line' id='line_1_11' title="bbox 375 857 1534 911; baseline -0.005 -10"><span class='ocrx_word' id='word_1_64' title='bbox 375 860 549 911; x_wconf 76' lang='lat' dir='ltr'>Inponit</span> <span class='ocrx_word' id='word_1_65' title='bbox 575 873 839 911; x_wconf 76' lang='lat' dir='ltr'>quoscumque</span> <span class='ocrx_word' id='word_1_66' title='bbox 866 872 1013 909; x_wconf 74' lang='lat' dir='ltr'>super</span> <span class='ocrx_word' id='word_1_67' title='bbox 1042 857 1370 897; x_wconf 74' lang='lat' dir='ltr'>dominantur</span> <span class='ocrx_word' id='word_1_68' title='bbox 1398 870 1534 896; x_wconf 82' lang='lat' dir='ltr'>eorum</span> 
     </span>
     <span class='ocr_line' id='line_1_12' title="bbox 374 920 1422 974; baseline -0.006 -10"><span class='ocrx_word' id='word_1_69' title='bbox 374 924 655 974; x_wconf 74' lang='lat' dir='ltr'>Exercentque</span> <span class='ocrx_word' id='word_1_70' title='bbox 685 926 836 963; x_wconf 80' lang='lat' dir='ltr'>trucem</span> <span class='ocrx_word' id='word_1_71' title='bbox 862 922 1051 962; x_wconf 83' lang='lat' dir='ltr'>subiectis</span> <span class='ocrx_word' id='word_1_72' title='bbox 1079 920 1249 961; x_wconf 80' lang='lat' dir='ltr'>urbibus</span> <span class='ocrx_word' id='word_1_73' title='bbox 1276 920 1422 959; x_wconf 86' lang='lat' dir='ltr'>iram».</span> 
     </span>
    </p>
   </div>
   <div class='ocr_carea' id='block_1_7' title="bbox 209 993 1600 1874">
    <p class='ocr_par' dir='ltr' id='par_1_7' title="bbox 209 993 1600 1874">
     <span class='ocr_line' id='line_1_13' title="bbox 213 993 1600 1050; baseline -0.004 -11"><span class='ocrx_word' id='word_1_74' title='bbox 213 1002 276 1039; x_wconf 89' lang='lat' dir='ltr'>Ita</span> <span class='ocrx_word' id='word_1_75' title='bbox 330 1000 410 1039; x_wconf 88' lang='lat' dir='ltr'>iam</span> <span class='ocrx_word' id='word_1_76' title='bbox 452 997 728 1050; x_wconf 81' lang='lat' dir='ltr'>Arevalus1)</span> <span class='ocrx_word' id='word_1_77' title='bbox 776 1009 933 1047; x_wconf 91' lang='lat' dir='ltr'>quoque</span> <span class='ocrx_word' id='word_1_78' title='bbox 989 997 1205 1047; x_wconf 82' lang='lat' dir='ltr'>explicavit</span> <span class='ocrx_word' id='word_1_79' title='bbox 1259 995 1412 1035; x_wconf 86' lang='lat' dir='ltr'>dicens:</span> <span class='ocrx_word' id='word_1_80' title='bbox 1470 993 1600 1044; x_wconf 76' lang='lat' dir='ltr'>«Leyo</span> 
     </span>
     <span class='ocr_line' id='line_1_14' title="bbox 212 1058 1600 1111; baseline -0.004 -9"><span class='ocrx_word' id='word_1_81' title='bbox 212 1076 301 1102; x_wconf 87' lang='lat' dir='ltr'>cum</span> <span class='ocrx_word' id='word_1_82' title='bbox 319 1060 635 1110; x_wconf 69' lang='lat' dir='ltr'>»manuscriptis</span> <span class='ocrx_word' id='word_1_83' title='bbox 683 1073 1040 1111; x_wconf 78' lang='lat' dir='ltr'>«quoscumque</span> <span class='ocrx_word' id='word_1_84' title='bbox 1084 1072 1230 1109; x_wconf 81' lang='lat' dir='ltr'>super</span> <span class='ocrx_word' id='word_1_85' title='bbox 1276 1058 1600 1098; x_wconf 83' lang='lat' dir='ltr'>dominantur</span> 
     </span>
     <span class='ocr_line' id='line_1_15' title="bbox 211 1122 1597 1175; baseline -0.004 -8"><span class='ocrx_word' id='word_1_86' title='bbox 211 1139 399 1167; x_wconf 83' lang='lat' dir='ltr'>eorum»</span> <span class='ocrx_word' id='word_1_87' title='bbox 449 1127 488 1165; x_wconf 85' lang='lat' dir='ltr'>et</span> <span class='ocrx_word' id='word_1_88' title='bbox 521 1127 694 1175; x_wconf 80' lang='lat' dir='ltr'>possunt</span> <span class='ocrx_word' id='word_1_89' title='bbox 738 1124 836 1164; x_wconf 83' lang='lat' dir='ltr'>haec</span> <span class='ocrx_word' id='word_1_90' title='bbox 882 1124 960 1170; x_wconf 64' lang='lat' dir='ltr'>dito</span> <span class='ocrx_word' id='word_1_91' title='bbox 1000 1123 1123 1163; x_wconf 83' lang='lat' dir='ltr'>verba</span> <span class='ocrx_word' id='word_1_92' title='bbox 1165 1122 1361 1174; x_wconf 73' lang='lat' dir='ltr'>coniunqi</span> <span class='ocrx_word' id='word_1_93' title='bbox 1407 1135 1597 1172; x_wconf 78' lang='lat' dir='ltr'>«super-</span> 
     </span>
     <span class='ocr_line' id='line_1_16' title="bbox 212 1186 1598 1239; baseline -0.004 -10"><span class='ocrx_word' id='word_1_94' title='bbox 212 1186 1598 1239; x_wconf 76' lang='lat' dir='ltr'>dominantur»ut‹&lt;superinqerere,superaddere,super·</span> 
     </span>
     <span class='ocr_line' id='line_1_17' title="bbox 212 1250 1598 1303; baseline -0.004 -9"><span class='ocrx_word' id='word_1_95' title='bbox 212 1253 415 1294; x_wconf 79' lang='lat' dir='ltr'>ducere»</span> <span class='ocrx_word' id='word_1_96' title='bbox 448 1255 487 1292; x_wconf 84' lang='lat' dir='ltr'>et</span> <span class='ocrx_word' id='word_1_97' title='bbox 512 1251 704 1292; x_wconf 84' lang='lat' dir='ltr'>similia».</span> <span class='ocrx_word' id='word_1_98' title='bbox 762 1251 849 1299; x_wconf 82' lang='lat' dir='ltr'>Qua</span> <span class='ocrx_word' id='word_1_99' title='bbox 877 1252 1203 1303; x_wconf 86' lang='lat' dir='ltr'>interpretatione</span> <span class='ocrx_word' id='word_1_100' title='bbox 1238 1250 1427 1290; x_wconf 86' lang='lat' dir='ltr'>tolluntur</span> <span class='ocrx_word' id='word_1_101' title='bbox 1461 1262 1598 1290; x_wconf 90' lang='lat' dir='ltr'>omnes</span> 
     </span>
     <span class='ocr_line' id='line_1_18' title="bbox 211 1315 1594 1367; baseline -0.003 -11"><span class='ocrx_word' id='word_1_102' title='bbox 211 1317 479 1367; x_wconf 88' lang='lat' dir='ltr'>difficultates,</span> <span class='ocrx_word' id='word_1_103' title='bbox 508 1328 608 1366; x_wconf 88' lang='lat' dir='ltr'>quas</span> <span class='ocrx_word' id='word_1_104' title='bbox 635 1315 699 1355; x_wconf 91' lang='lat' dir='ltr'>hic</span> <span class='ocrx_word' id='word_1_105' title='bbox 726 1316 836 1355; x_wconf 92' lang='lat' dir='ltr'>locus</span> <span class='ocrx_word' id='word_1_106' title='bbox 864 1315 996 1354; x_wconf 89' lang='lat' dir='ltr'>attulit</span> <span class='ocrx_word' id='word_1_107' title='bbox 1023 1316 1085 1365; x_wconf 89' lang='lat' dir='ltr'>iis,</span> <span class='ocrx_word' id='word_1_108' title='bbox 1115 1316 1181 1365; x_wconf 93' lang='lat' dir='ltr'>qui</span> <span class='ocrx_word' id='word_1_109' title='bbox 1200 1315 1417 1354; x_wconf 92' lang='lat' dir='ltr'>Iuvencum</span> <span class='ocrx_word' id='word_1_110' title='bbox 1438 1317 1507 1353; x_wconf 85' lang='lat' dir='ltr'>aut</span> <span class='ocrx_word' id='word_1_111' title='bbox 1528 1326 1594 1353; x_wconf 89' lang='lat' dir='ltr'>ex-</span> 
     </span>
     <span class='ocr_line' id='line_1_19' title="bbox 209 1378 1596 1434; baseline -0.002 -13"><span class='ocrx_word' id='word_1_112' title='bbox 209 1382 456 1434; x_wconf 84' lang='lat' dir='ltr'>plicaverunt</span> <span class='ocrx_word' id='word_1_113' title='bbox 484 1383 553 1419; x_wconf 86' lang='lat' dir='ltr'>aut</span> <span class='ocrx_word' id='word_1_114' title='bbox 581 1378 803 1431; x_wconf 87' lang='lat' dir='ltr'>ediderunt,</span> <span class='ocrx_word' id='word_1_115' title='bbox 831 1380 890 1418; x_wconf 86' lang='lat' dir='ltr'>ita</span> <span class='ocrx_word' id='word_1_116' title='bbox 916 1381 959 1418; x_wconf 89' lang='lat' dir='ltr'>ut</span> <span class='ocrx_word' id='word_1_117' title='bbox 987 1379 1146 1418; x_wconf 88' lang='lat' dir='ltr'>minime</span> <span class='ocrx_word' id='word_1_118' title='bbox 1167 1391 1266 1431; x_wconf 93' lang='lat' dir='ltr'>opus</span> <span class='ocrx_word' id='word_1_119' title='bbox 1286 1379 1336 1418; x_wconf 89' lang='lat' dir='ltr'>sit</span> <span class='ocrx_word' id='word_1_120' title='bbox 1356 1379 1596 1418; x_wconf 88' lang='lat' dir='ltr'>coniectura.</span> 
     </span>
     <span class='ocr_line' id='line_1_20' title="bbox 209 1442 1594 1493; baseline -0.002 -9"><span class='ocrx_word' id='word_1_121' title='bbox 209 1446 349 1484; x_wconf 90' lang='lat' dir='ltr'>Liceat</span> <span class='ocrx_word' id='word_1_122' title='bbox 377 1455 471 1493; x_wconf 86' lang='lat' dir='ltr'>ergo</span> <span class='ocrx_word' id='word_1_123' title='bbox 507 1443 601 1481; x_wconf 93' lang='lat' dir='ltr'>mihi</span> <span class='ocrx_word' id='word_1_124' title='bbox 629 1456 732 1482; x_wconf 91' lang='lat' dir='ltr'>nunc</span> <span class='ocrx_word' id='word_1_125' title='bbox 760 1442 933 1493; x_wconf 85' lang='lat' dir='ltr'>adicere,</span> <span class='ocrx_word' id='word_1_126' title='bbox 968 1442 1164 1493; x_wconf 92' lang='lat' dir='ltr'>quomodo</span> <span class='ocrx_word' id='word_1_127' title='bbox 1193 1443 1303 1482; x_wconf 93' lang='lat' dir='ltr'>locus</span> <span class='ocrx_word' id='word_1_128' title='bbox 1331 1443 1396 1482; x_wconf 88' lang='lat' dir='ltr'>ille</span> <span class='ocrx_word' id='word_1_129' title='bbox 1426 1443 1477 1482; x_wconf 90' lang='lat' dir='ltr'>sit</span> <span class='ocrx_word' id='word_1_130' title='bbox 1505 1454 1594 1482; x_wconf 91' lang='lat' dir='ltr'>con-</span> 
     </span>
     <span class='ocr_line' id='line_1_21' title="bbox 211 1505 1596 1557; baseline -0.002 -10"><span class='ocrx_word' id='word_1_131' title='bbox 211 1507 422 1547; x_wconf 87' lang='lat' dir='ltr'>struendus</span> <span class='ocrx_word' id='word_1_132' title='bbox 437 1507 497 1545; x_wconf 94' lang='lat' dir='ltr'>III</span> <span class='ocrx_word' id='word_1_133' title='bbox 518 1506 594 1546; x_wconf 84' lang='lat'>602</span> <span class='ocrx_word' id='word_1_134' title='bbox 609 1519 685 1556; x_wconf 88' lang='lat' dir='ltr'>sq.:</span> <span class='ocrx_word' id='word_1_135' title='bbox 719 1506 936 1545; x_wconf 82' lang='lat' dir='ltr'>«Gentibus</span> <span class='ocrx_word' id='word_1_136' title='bbox 956 1505 1088 1545; x_wconf 89' lang='lat' dir='ltr'>infidis</span> <span class='ocrx_word' id='word_1_137' title='bbox 1109 1507 1217 1546; x_wconf 89' lang='lat' dir='ltr'>celsa</span> <span class='ocrx_word' id='word_1_138' title='bbox 1238 1506 1394 1546; x_wconf 88' lang='lat' dir='ltr'>dicione</span> <span class='ocrx_word' id='word_1_139' title='bbox 1415 1509 1596 1557; x_wconf 88' lang='lat' dir='ltr'>potestas</span> 
     </span>
     <span class='ocr_line' id='line_1_22' title="bbox 210 1569 1595 1622; baseline -0.001 -12"><span class='ocrx_word' id='word_1_140' title='bbox 210 1572 376 1622; x_wconf 87' lang='lat' dir='ltr'>imponit</span> <span class='ocrx_word' id='word_1_141' title='bbox 391 1582 660 1620; x_wconf 85' lang='lat' dir='ltr'>quoscumque</span> <span class='ocrx_word' id='word_1_142' title='bbox 676 1588 725 1602; x_wconf 88' lang='lat'><strong><em>=</em></strong></span> <span class='ocrx_word' id='word_1_143' title='bbox 737 1582 805 1609; x_wconf 90' lang='lat' dir='ltr'>eos</span> <span class='ocrx_word' id='word_1_144' title='bbox 822 1571 1057 1619; x_wconf 90' lang='lat' dir='ltr'>quicumque</span> <span class='ocrx_word' id='word_1_145' title='bbox 1073 1569 1446 1621; x_wconf 86' lang='lat' dir='ltr'>superdominantur</span> <span class='ocrx_word' id='word_1_146' title='bbox 1460 1582 1595 1609; x_wconf 89' lang='lat' dir='ltr'>eorum</span> 
     </span>
     <span class='ocr_line' id='line_1_23' title="bbox 211 1633 1596 1684; baseline -0.001 -11"><span class='ocrx_word' id='word_1_147' title='bbox 211 1636 475 1684; x_wconf 87' lang='lat' dir='ltr'>exercentque</span> <span class='ocrx_word' id='word_1_148' title='bbox 510 1637 662 1672; x_wconf 89' lang='lat' dir='ltr'>trucem</span> <span class='ocrx_word' id='word_1_149' title='bbox 697 1633 886 1672; x_wconf 90' lang='lat' dir='ltr'>subiectis</span> <span class='ocrx_word' id='word_1_150' title='bbox 919 1633 1084 1672; x_wconf 87' lang='lat' dir='ltr'>urbibus</span> <span class='ocrx_word' id='word_1_151' title='bbox 1118 1634 1255 1672; x_wconf 88' lang='lat' dir='ltr'>iram».</span> <span class='ocrx_word' id='word_1_152' title='bbox 1317 1634 1440 1672; x_wconf 88' lang='lat' dir='ltr'>Recte</span> <span class='ocrx_word' id='word_1_153' title='bbox 1475 1634 1596 1683; x_wconf 88' lang='lat' dir='ltr'>igitur</span> 
     </span>
     <span class='ocr_line' id='line_1_24' title="bbox 211 1696 1594 1748; baseline -0.001 -11"><span class='ocrx_word' id='word_1_154' title='bbox 211 1697 378 1737; x_wconf 91' lang='lat' dir='ltr'>adnotat</span> <span class='ocrx_word' id='word_1_155' title='bbox 411 1697 633 1737; x_wconf 89' lang='lat' dir='ltr'>Huemerus</span> <span class='ocrx_word' id='word_1_156' title='bbox 669 1698 708 1736; x_wconf 91' lang='lat' dir='ltr'>in</span> <span class='ocrx_word' id='word_1_157' title='bbox 743 1696 927 1737; x_wconf 88' lang='lat' dir='ltr'>editionis</span> <span class='ocrx_word' id='word_1_158' title='bbox 961 1709 1057 1736; x_wconf 88' lang='lat' dir='ltr'>suae</span> <span class='ocrx_word' id='word_1_159' title='bbox 1092 1696 1223 1736; x_wconf 90' lang='lat' dir='ltr'>indice</span> <span class='ocrx_word' id='word_1_160' title='bbox 1259 1710 1297 1748; x_wconf 90' lang='lat' dir='ltr'>p.</span> <span class='ocrx_word' id='word_1_161' title='bbox 1335 1697 1408 1737; x_wconf 85' lang='lat'>157</span> <span class='ocrx_word' id='word_1_162' title='bbox 1444 1701 1483 1736; x_wconf 91' lang='lat' dir='ltr'>et</span> <span class='ocrx_word' id='word_1_163' title='bbox 1521 1697 1594 1736; x_wconf 84' lang='lat'>159</span> 
     </span>
     <span class='ocr_line' id='line_1_25' title="bbox 216 1760 1592 1810; baseline -0.001 -10"><span class='ocrx_word' id='word_1_164' title='bbox 216 1761 434 1800; x_wconf 91' lang='lat' dir='ltr'>«dominari</span> <span class='ocrx_word' id='word_1_165' title='bbox 464 1772 551 1799; x_wconf 91' lang='lat' dir='ltr'>cum</span> <span class='ocrx_word' id='word_1_166' title='bbox 579 1761 802 1810; x_wconf 82' lang='lat' dir='ltr'>genetivo».</span> <span class='ocrx_word' id='word_1_167' title='bbox 858 1761 963 1810; x_wconf 85' lang='lat' dir='ltr'>Ergo</span> <span class='ocrx_word' id='word_1_168' title='bbox 983 1761 1179 1800; x_wconf 90' lang='lat' dir='ltr'>Iuvencus</span> <span class='ocrx_word' id='word_1_169' title='bbox 1206 1760 1338 1799; x_wconf 89' lang='lat' dir='ltr'>reddit</span> <span class='ocrx_word' id='word_1_170' title='bbox 1357 1760 1410 1799; x_wconf 92' lang='lat' dir='ltr'>ad</span> <span class='ocrx_word' id='word_1_171' title='bbox 1428 1761 1592 1799; x_wconf 91' lang='lat' dir='ltr'>verbum</span> 
     </span>
     <span class='ocr_line' id='line_1_26' title="bbox 211 1823 707 1874; baseline -0.004 -12"><span class='ocrx_word' id='word_1_172' title='bbox 211 1824 542 1874; x_wconf 78' lang='grc' dir='ltr'>κατακυριεύουσιν</span> <span class='ocrx_word' id='word_1_173' title='bbox 573 1823 707 1861; x_wconf 86' lang='grc' dir='ltr'>αὐτῶν.</span> 
     </span>
    </p>
   </div>
   <div class='ocr_carea' id='block_1_8' title="bbox 210 1897 1594 2446">
    <p class='ocr_par' dir='ltr' id='par_1_8' title="bbox 210 1897 1594 2446">
     <span class='ocr_line' id='line_1_27' title="bbox 315 1897 1592 1950; baseline 0.001 -14"><span class='ocrx_word' id='word_1_174' title='bbox 315 1897 426 1936; x_wconf 89' lang='lat' dir='ltr'>Alter</span> <span class='ocrx_word' id='word_1_175' title='bbox 474 1897 584 1936; x_wconf 93' lang='lat' dir='ltr'>locus</span> <span class='ocrx_word' id='word_1_176' title='bbox 630 1897 696 1947; x_wconf 90' lang='lat' dir='ltr'>qui</span> <span class='ocrx_word' id='word_1_177' title='bbox 738 1900 798 1936; x_wconf 86' lang='lat' dir='ltr'>est</span> <span class='ocrx_word' id='word_1_178' title='bbox 839 1901 1071 1948; x_wconf 82' lang='lat' dir='ltr'>argumento</span> <span class='ocrx_word' id='word_1_179' title='bbox 1113 1898 1328 1937; x_wconf 89' lang='lat' dir='ltr'>Iuvencum</span> <span class='ocrx_word' id='word_1_180' title='bbox 1369 1899 1592 1950; x_wconf 89' lang='lat' dir='ltr'>inspexisse</span> 
     </span>
     <span class='ocr_line' id='line_1_28' title="bbox 211 1961 1593 2012; baseline 0.001 -12"><span class='ocrx_word' id='word_1_181' title='bbox 211 1965 362 2001; x_wconf 84' lang='lat' dir='ltr'>textum</span> <span class='ocrx_word' id='word_1_182' title='bbox 390 1973 578 2011; x_wconf 85' lang='lat' dir='ltr'>graecum</span> <span class='ocrx_word' id='word_1_183' title='bbox 607 1964 667 2000; x_wconf 92' lang='lat' dir='ltr'>est</span> <span class='ocrx_word' id='word_1_184' title='bbox 686 1961 742 2000; x_wconf 94' lang='lat' dir='ltr'>IV</span> <span class='ocrx_word' id='word_1_185' title='bbox 762 1961 835 2002; x_wconf 88' lang='grc'><strong>481</strong></span> <span class='ocrx_word' id='word_1_186' title='bbox 859 1979 907 1994; x_wconf 86' lang='lat'><strong><em>=</em></strong></span> <span class='ocrx_word' id='word_1_187' title='bbox 927 1961 1042 2000; x_wconf 87' lang='lat' dir='ltr'>Mtth.</span> <span class='ocrx_word' id='word_1_188' title='bbox 1061 1962 1197 2001; x_wconf 92' lang='lat' dir='ltr'>XXVI</span> <span class='ocrx_word' id='word_1_189' title='bbox 1216 1963 1277 2002; x_wconf 85' lang='lat'>36.</span> <span class='ocrx_word' id='word_1_190' title='bbox 1333 1962 1593 2012; x_wconf 86' lang='lat' dir='ltr'>Evangelista</span> 
     </span>
     <span class='ocr_line' id='line_1_29' title="bbox 211 2024 1593 2076; baseline 0 -12"><span class='ocrx_word' id='word_1_191' title='bbox 211 2027 332 2064; x_wconf 88' lang='lat' dir='ltr'>utitur</span> <span class='ocrx_word' id='word_1_192' title='bbox 359 2024 433 2064; x_wconf 91' lang='lat' dir='ltr'>hoc</span> <span class='ocrx_word' id='word_1_193' title='bbox 462 2025 549 2064; x_wconf 90' lang='lat' dir='ltr'>loco</span> <span class='ocrx_word' id='word_1_194' title='bbox 578 2024 699 2064; x_wconf 87' lang='lat' dir='ltr'>verbo</span> <span class='ocrx_word' id='word_1_195' title='bbox 731 2025 1028 2076; x_wconf 78' lang='grc' dir='ltr'>«καθίσατε»,</span> <span class='ocrx_word' id='word_1_196' title='bbox 1058 2025 1164 2076; x_wconf 91' lang='lat' dir='ltr'>quod</span> <span class='ocrx_word' id='word_1_197' title='bbox 1183 2025 1364 2065; x_wconf 90' lang='lat' dir='ltr'>codicum</span> <span class='ocrx_word' id='word_1_198' title='bbox 1382 2026 1593 2065; x_wconf 89' lang='lat' dir='ltr'>latinorum</span> 
     </span>
     <span class='ocr_line' id='line_1_30' title="bbox 211 2088 1594 2142; baseline 0.001 -14"><span class='ocrx_word' id='word_1_199' title='bbox 211 2092 394 2128; x_wconf 90' lang='lat' dir='ltr'>auctores</span> <span class='ocrx_word' id='word_1_200' title='bbox 434 2088 556 2128; x_wconf 86' lang='lat' dir='ltr'>verbo</span> <span class='ocrx_word' id='word_1_201' title='bbox 597 2089 766 2140; x_wconf 88' lang='lat' dir='ltr'>simplici</span> <span class='ocrx_word' id='word_1_202' title='bbox 804 2089 1024 2129; x_wconf 84' lang='lat' dir='ltr'>«sedete»</span> <span class='ocrx_word' id='word_1_203' title='bbox 1061 2089 1250 2142; x_wconf 82' lang='lat' dir='ltr'>reddunt3</span> <span class='ocrx_word' id='word_1_204' title='bbox 1293 2089 1364 2129; x_wconf 89' lang='lat' dir='ltr'>sed</span> <span class='ocrx_word' id='word_1_205' title='bbox 1398 2090 1594 2130; x_wconf 87' lang='lat' dir='ltr'>Iuvencus</span> 
     </span>
     <span class='ocr_line' id='line_1_31' title="bbox 212 2151 1593 2205; baseline 0.001 -14"><span class='ocrx_word' id='word_1_206' title='bbox 212 2151 308 2192; x_wconf 88' lang='lat' dir='ltr'>dicit</span> <span class='ocrx_word' id='word_1_207' title='bbox 339 2151 485 2192; x_wconf 86' lang='lat' dir='ltr'>«iussit</span> <span class='ocrx_word' id='word_1_208' title='bbox 509 2152 729 2192; x_wconf 71' lang='lat' dir='ltr'>residere</span> <span class='ocrx_word' id='word_1_209' title='bbox 756 2152 988 2193; x_wconf 85' lang='lat' dir='ltr'>ministros»</span> <span class='ocrx_word' id='word_1_210' title='bbox 1020 2155 1281 2205; x_wconf 90' lang='lat' dir='ltr'>compositum</span> <span class='ocrx_word' id='word_1_211' title='bbox 1301 2154 1487 2193; x_wconf 86' lang='lat' dir='ltr'>retinens.</span> <span class='ocrx_word' id='word_1_212' title='bbox 1543 2154 1593 2192; x_wconf 91' lang='lat' dir='ltr'>Et</span> 
     </span>
     <span class='ocr_line' id='line_1_32' title="bbox 210 2216 1592 2268; baseline -0.001 -12"><span class='ocrx_word' id='word_1_213' title='bbox 210 2216 349 2268; x_wconf 84' lang='lat' dir='ltr'>paucis</span> <span class='ocrx_word' id='word_1_214' title='bbox 377 2216 559 2256; x_wconf 85' lang='lat' dir='ltr'>versibus</span> <span class='ocrx_word' id='word_1_215' title='bbox 586 2221 677 2268; x_wconf 90' lang='lat' dir='ltr'>post</span> <span class='ocrx_word' id='word_1_216' title='bbox 704 2217 758 2257; x_wconf 92' lang='lat' dir='ltr'>IV</span> <span class='ocrx_word' id='word_1_217' title='bbox 780 2217 857 2257; x_wconf 87' lang='lat'>534</span> <span class='ocrx_word' id='word_1_218' title='bbox 878 2236 926 2251; x_wconf 89' lang='lat'><strong><em>=</em></strong></span> <span class='ocrx_word' id='word_1_219' title='bbox 946 2218 1060 2257; x_wconf 85' lang='lat' dir='ltr'>Mtth.</span> <span class='ocrx_word' id='word_1_220' title='bbox 1080 2218 1215 2257; x_wconf 92' lang='lat' dir='ltr'>XXVI</span> <span class='ocrx_word' id='word_1_221' title='bbox 1235 2218 1284 2257; x_wconf 89' lang='lat'>55</span> <span class='ocrx_word' id='word_1_222' title='bbox 1304 2217 1409 2257; x_wconf 91' lang='lat' dir='ltr'>idem</span> <span class='ocrx_word' id='word_1_223' title='bbox 1429 2218 1592 2257; x_wconf 90' lang='lat' dir='ltr'>verbum</span> 
     </span>
     <span class='ocr_line' id='line_1_33' title="bbox 214 2279 1591 2332; baseline 0.003 -16"><span class='ocrx_word' id='word_1_224' title='bbox 214 2295 231 2315; x_wconf 86' lang='lat'>‹&lt;</span> <span class='ocrx_word' id='word_1_225' title='bbox 245 2280 382 2326; x_wconf 77' lang='grc' dir='ltr'>ἐκαθε</span> <span class='ocrx_word' id='word_1_226' title='bbox 396 2279 564 2329; x_wconf 76' lang='grc' dir='ltr'>ζόμην»</span> <span class='ocrx_word' id='word_1_227' title='bbox 608 2281 803 2320; x_wconf 91' lang='lat' dir='ltr'>Iuvencus</span> <span class='ocrx_word' id='word_1_228' title='bbox 844 2282 985 2320; x_wconf 88' lang='lat' dir='ltr'>iterum</span> <span class='ocrx_word' id='word_1_229' title='bbox 1025 2281 1157 2320; x_wconf 89' lang='lat' dir='ltr'>reddit</span> <span class='ocrx_word' id='word_1_230' title='bbox 1194 2293 1266 2332; x_wconf 90' lang='lat' dir='ltr'>per</span> <span class='ocrx_word' id='word_1_231' title='bbox 1308 2281 1591 2331; x_wconf 81' lang='lat' dir='ltr'>«residere»,</span> 
     </span>
     <span class='ocr_line' id='line_1_34' title="bbox 212 2341 1588 2397; baseline 0.002 -15"><span class='ocrx_word' id='word_1_232' title='bbox 212 2356 299 2383; x_wconf 93' lang='lat' dir='ltr'>cum</span> <span class='ocrx_word' id='word_1_233' title='bbox 328 2341 531 2383; x_wconf 86' lang='lat' dir='ltr'>codicibus</span> <span class='ocrx_word' id='word_1_234' title='bbox 559 2343 694 2384; x_wconf 86' lang='lat' dir='ltr'>latinis</span> <span class='ocrx_word' id='word_1_235' title='bbox 721 2343 912 2384; x_wconf 85' lang='lat' dir='ltr'>reddatur</span> <span class='ocrx_word' id='word_1_236' title='bbox 939 2344 1003 2384; x_wconf 90' lang='lat' dir='ltr'>hic</span> <span class='ocrx_word' id='word_1_237' title='bbox 1032 2358 1186 2395; x_wconf 91' lang='lat' dir='ltr'>quoque</span> <span class='ocrx_word' id='word_1_238' title='bbox 1216 2358 1286 2397; x_wconf 88' lang='lat' dir='ltr'>per</span> <span class='ocrx_word' id='word_1_239' title='bbox 1317 2345 1588 2385; x_wconf 70' lang='lat' dir='ltr'>«sedebam»</span> 
     </span>
     <span class='ocr_line' id='line_1_35' title="bbox 211 2407 347 2446; baseline -0.015 0"><span class='ocrx_word' id='word_1_240' title='bbox 211 2407 347 2446; x_wconf 89' lang='lat' dir='ltr'>solum.</span> 
     </span>
    </p>
   </div>
   <div class='ocr_carea' id='block_1_9' title="bbox 158 2543 403 2551">
    <p class='ocr_par' dir='ltr' id='par_1_9' title="bbox 158 2543 403 2551">
     <span class='ocr_line' id='line_1_36' title="bbox 158 2543 403 2551; baseline 0 0"><span class='ocrx_word' id='word_1_241' title='bbox 158 2543 403 2551; x_wconf 95' lang='lat' dir='ltr'> </span> 
     </span>
    </p>
   </div>
   <div class='ocr_carea' id='block_1_10' title="bbox 151 2636 1587 2734">
    <p class='ocr_par' dir='ltr' id='par_1_10' title="bbox 151 2636 1587 2734">
     <span class='ocr_line' id='line_1_37' title="bbox 264 2636 1587 2681; baseline 0.003 -12"><span class='ocrx_word' id='word_1_242' title='bbox 264 2637 288 2676; x_wconf 90' lang='lat'>¹)</span> <span class='ocrx_word' id='word_1_243' title='bbox 322 2636 355 2669; x_wconf 91' lang='lat' dir='ltr'>in</span> <span class='ocrx_word' id='word_1_244' title='bbox 386 2637 532 2680; x_wconf 86' lang='lat' dir='ltr'>Mignii</span> <span class='ocrx_word' id='word_1_245' title='bbox 565 2637 716 2671; x_wconf 90' lang='lat' dir='ltr'>editione</span> <span class='ocrx_word' id='word_1_246' title='bbox 751 2647 840 2679; x_wconf 85' lang='lat' dir='ltr'>quae</span> <span class='ocrx_word' id='word_1_247' title='bbox 873 2641 1036 2672; x_wconf 85' lang='lat' dir='ltr'>vocatur:</span> <span class='ocrx_word' id='word_1_248' title='bbox 1074 2639 1319 2681; x_wconf 74' lang='lat' dir='ltr'>«Patroloyiae</span> <span class='ocrx_word' id='word_1_249' title='bbox 1349 2650 1472 2673; x_wconf 83' lang='lat' dir='ltr'>cursus</span> <span class='ocrx_word' id='word_1_250' title='bbox 1502 2651 1587 2673; x_wconf 80' lang='lat' dir='ltr'>com-</span> 
     </span>
     <span class='ocr_line' id='line_1_38' title="bbox 151 2688 987 2734; baseline 0.006 -14"><span class='ocrx_word' id='word_1_251' title='bbox 151 2688 267 2731; x_wconf 77' lang='lat' dir='ltr'>pletus</span> <span class='ocrx_word' id='word_1_252' title='bbox 290 2691 367 2723; x_wconf 82' lang='lat' dir='ltr'>etc.»</span> <span class='ocrx_word' id='word_1_253' title='bbox 393 2691 481 2724; x_wconf 81' lang='lat' dir='ltr'>serie</span> <span class='ocrx_word' id='word_1_254' title='bbox 504 2691 617 2725; x_wconf 83' lang='lat' dir='ltr'>latina</span> <span class='ocrx_word' id='word_1_255' title='bbox 639 2693 716 2725; x_wconf 86' lang='lat' dir='ltr'>tom.</span> <span class='ocrx_word' id='word_1_256' title='bbox 741 2691 840 2724; x_wconf 91' lang='lat' dir='ltr'>XIX</span> <span class='ocrx_word' id='word_1_257' title='bbox 854 2703 891 2734; x_wconf 78' lang='lat' dir='ltr'>p.</span> <span class='ocrx_word' id='word_1_258' title='bbox 915 2694 987 2726; x_wconf 76' lang='lat'><strong><em>264.</em></strong></span> 
     </span>
    </p>
   </div>
  </div>
 </body>
</html>
