1800 2904
853 181 903 220 70

454 286 690 336 genetivo.

454 350 663 388 initium:

452 423 589 473 Verg.
612 424 630 462 Ι
654 422 748 462 502:

456 552 551 590 Iuv.
591 551 747 591 11137:

454 679 536 717 Iuv.
567 678 626 717 ΙΙΙ
675 678 744 718 68:

456 806 537 843 Iuv.
574 805 628 844 IV
701 804 745 844 6:

762 285 913 326 Casus
953 286 1214 337 genetivus
1256 286 1382 326 facit
1424 297 1592 325 versus

778 421 816 460 L
824 434 849 461 α
861 424 903 462 to
911 434 941 462 ‘n
952 434 1005 462 ae
1048 422 1216 462 tacitam
1246 425 1523 473 pertemptant

778 485 935 537 gaudia
956 488 1139 536 pectus.

777 549 1063 590 Mensarum
1104 552 1202 590 timo
1235 549 1331 590 inde
1366 552 1480 590 vocat
1514 550 1591 590 lae-

782 616 870 653 tata
897 613 1167 653 ministros.

777 676 1006 728 Corporis
1040 680 1085 718 at
1120 678 1298 718 laceram
1329 678 1471 728 flentes
1505 677 1594 718 sine

779 741 942 781 nomine
972 744 1215 781 truncam.

778 803 1011 845 Caesaris
1039 817 1269 856 empressum
1295 804 1418 857 facile
1442 807 1501 845 est
1523 804 1593 845 ubi

780 881 942 908 cernere
970 869 1173 908 vultam.

309 944 395 983 Nisi
429 942 558 992 fallor,
595 943 794 982 invenitur
828 942 929 982 haec
967 942 1175 982 collocatio
1212 944 1251 981 in
1287 943 1387 982 libro
1416 943 1447 982 I.
1486 943 1510 981 4
1530 950 1592 994 ><,

202 1008 243 1045 in
276 1008 328 1047 II.
358 1008 381 1046 6
403 1014 465 1057 ><,
495 1008 535 1055 in
565 1007 637 1046 III.
668 1007 691 1044 4
712 1014 774 1058 ><,
804 1007 843 1045 in
872 1007 937 1046 IV.
969 1007 992 1045 3
1013 1014 1075 1057 ><,
1113 1019 1201 1045 cum
1237 1006 1344 1057 apud
1373 1007 1592 1056 Vergilium

201 1071 451 1121 reperiantur
481 1069 558 1109 duo
578 1072 731 1108 tantum
752 1070 945 1120 exempla.
994 1069 1100 1119 Ergo
1122 1070 1316 1109 Iuvencus
1342 1069 1416 1109 hac
1437 1081 1592 1120 quoque

203 1136 242 1172 in
270 1146 312 1172 re
342 1136 505 1185 superat
532 1133 762 1184 Vergilium.

310 1207 351 1254 b)
381 1208 677 1246 Attributum
707 1207 825 1247 facit
852 1219 1024 1247 versus
1055 1207 1223 1247 finem:

383 1282 423 1334 a)
452 1283 748 1322 Attributum

455 1360 502 1385 ln
532 1359 667 1386 casu:

456 1421 588 1471 Verg.
616 1420 634 1458 Ι
658 1420 749 1460 189:

456 1548 573 1598 Verg.
612 1548 747 1588 1471:

456 1676 553 1714 Iuv.
621 1675 639 1713 I
713 1676 750 1714 I:

456 1802 541 1840 Iuv.
595 1801 633 1840 ΙΙ
653 1800 747 1840 820:

455 1930 536 1967 Iuv.
572 1928 633 1967 III
654 1927 749 1968 255:

810 1284 1041 1333 congruit
1105 1295 1209 1322 cum
1274 1283 1593 1323 substantivo

780 1420 1100 1470 ductoresque
1128 1420 1232 1470 ipsos
1252 1420 1433 1470 primum
1458 1420 1592 1471 capita

778 1484 866 1523 alta
892 1483 1120 1534 ferentis.

780 1547 998 1598 Tydides
1054 1548 1186 1588 multa
1236 1547 1425 1588 vastabat
1477 1547 1593 1588 caede

780 1613 1037 1650 cruentus.

780 1674 886 1714 Rex
909 1674 995 1726 fuit
1020 1674 1200 1715 Herodes
1219 1674 1381 1715 Iudaea
1405 1675 1452 1715 i‘n
1474 1678 1593 1727 ‚orente

780 1740 1035 1777 cruentus

778 1800 1049 1840 Fermento
1069 1814 1150 1851 par
1176 1804 1234 1840 est
1257 1813 1409 1841 murias
1427 1802 1593 1842 caeleste

779 1864 995 1904 salubri
1500 1901 1505 1907 .

780 1927 1048 1978 Discipuli
1092 1928 1253 1968 tandem
1288 1928 1435 1969 vitalia
1469 1928 1591 1969 verba

779 1991 952 2032 secuti

308 2067 426 2119 Apud
463 2069 544 2106 Iuv.
584 2068 753 2106 occurrit
789 2066 890 2106 haec
927 2067 1134 2106 collocatio
1174 2068 1222 2106 10
1243 2075 1291 2109 ><
1328 2068 1369 2106 in
1406 2071 1591 2119 quattuor

204 2132 328 2182 libris,
364 2132 404 2169 in
432 2130 622 2170 Aeneidis
649 2131 760 2169 libris
783 2130 863 2169 XII
891 2131 1139 2187 reperiuntur
1165 2131 1216 2169 38
1237 2131 1431 2182 exempla.
1479 2132 1590 2171 Haec

205 2195 411 2234 collocatio
440 2198 501 2233 est
530 2207 634 2245 rara,
664 2195 775 2233 cuius
803 2194 859 2232 rei
890 2205 1052 2233 causam
1081 2193 1308 2233 Nordenius
1337 2195 1468 2233 attulit
1481 2197 1521 2244 ¹).

391 2268 427 2320 β)
456 2268 758 2308 Attributum
787 2267 964 2319 pendet
992 2280 1014 2307 e
1043 2268 1368 2308 substantivo:

456 2343 590 2392 Verg.
679 2342 809 2381 1326:
839 2342 984 2381 nulla
1006 2344 1173 2382 tuarum
1186 2342 1332 2382 audita
1346 2342 1449 2381 mihi
1463 2355 1590 2393 neque

843 2405 932 2444 visa
958 2417 1189 2455 sororum3

456 2469 573 2519 Verg.
601 2468 811 2508 V111401:
842 2469 1089 2520 quidquid
1121 2469 1168 2509 in
1202 2472 1290 2510 arte
1317 2482 1405 2510 mea
1426 2484 1591 2521 possum

237 2651 261 2691 1)
285 2650 324 2682 N.
349 2649 369 2681 l.
394 2659 422 2682 c.
445 2659 478 2691 p.
502 2652 573 2685 382.

835 2533 1070 2583 promittere
1098 2547 1117 2574 o
1125 2547 1154 2574 u
1160 2547 1183 2574 r
1190 2547 1216 2574 a
1224 2547 1264 2583 θ,-
