1800 2904
870 206 920 248 57

283 316 522 361 Quoniam
575 315 916 365 cognovimus,
972 324 1067 362 qua
1117 313 1315 351 ratione
1372 311 1610 348 Iuvencus

178 371 428 421 materiam
471 380 702 425 finxerit‚‘
735 379 900 417 iacere
942 375 1039 417 non
1080 378 1361 425 possumus,
1404 374 1519 422 quin
1563 374 1609 411 in

177 446 280 483 fine
321 445 462 483 huius
503 444 683 492 capitis
719 443 891 480 iterum
927 442 1165 485 dicamus,
1208 440 1411 488 poetam
1453 447 1610 485 quam-

178 517 316 556 quam
347 507 599 547 erroribus
633 515 727 544 non
765 505 955 549 careat,
989 505 1149 542 tamen
1185 503 1445 541 materiam
1482 500 1610 538 satis

178 568 704 619 benevdiligenterque
731 568 962 612 tractare.
1037 561 1040 563 ’

760 711 917 764 Caput
943 710 1025 752 111.

281 790 413 831 Nunc
440 792 684 830 vertamus
712 799 797 827 nos
829 785 888 826 ad
916 789 1057 837 caput
1085 787 1306 836 tertium,
1334 797 1422 835 quo
1452 786 1507 824 de
1537 787 1609 823 lu-

178 866 332 895 venco
360 855 544 902 Vergili
573 853 828 890 imitatore
857 853 1039 900 agatur.

287 927 320 968 1.
350 925 454 974 Quid
474 936 634 965 carmen
654 923 927 975 evangelicum
947 935 1186 974 componens
1205 922 1386 975 voluerit,
1415 922 1611 961 Iuvencus

179 990 422 1041 proloquitur
450 990 490 1027 in
519 988 705 1028 carminis
732 986 995 1038 praefatione,
1031 987 1071 1025 in
1100 999 1178 1036 qua
1212 998 1254 1026 se
1284 989 1490 1037 comparat
1523 997 1611 1024 cum

178 1053 378 1092 Homero
407 1055 447 1091 et
465 1051 702 1100 Vergilio,
731 1050 874 1099 quibus
902 1051 953 1088 sit
982 1049 1223 1088 carminibus
1251 1050 1376 1099 epicis
1404 1052 1514 1087 certa
1542 1049 1611 1085 im-

178 1114 399 1155 mortalitas

369 1204 401 1226 «.
433 1218 441 1225 .
473 1218 480 1225 .
512 1218 519 1225 .
551 1187 646 1226 dum
673 1187 807 1226 saecla
833 1186 1031 1226 volabunt

391 1249 450 1290 Et
469 1249 621 1302 vertiyo
642 1249 729 1301 poli
758 1252 889 1291 terras
917 1252 1037 1301 atque
1065 1261 1241 1300 aequora
1269 1248 1420 1289 circum

392 1314 570 1354 Aethera
597 1314 797 1354 sidereum
824 1314 933 1353 iusso
960 1313 1229 1353 moderamine
1256 1314 1427 1363 volvet»,

178 1389 358 1440 quamvis
387 1401 521 1429 eorum
557 1389 734 1428 carmina
771 1390 971 1429 «veterum
1002 1387 1124 1440 qestis
1157 1387 1365 1428 hominum
1398 1386 1610 1427 mendacia

177 1455 386 1492 nectant».
432 1453 517 1491 Illis
537 1452 699 1491 Homeri
727 1456 767 1491 et
785 1452 936 1502 Vergili
965 1452 1205 1491 carminibus
1237 1452 1406 1503 «falsa»
1437 1451 1609 1490 referen-

178 1516 283 1555 tibus
314 1515 509 1554 Iuvencus
546 1527 745 1567 opponere
784 1514 868 1553 vult
911 1526 1103 1554 «carmen
1136 1514 1226 1554 sine
1259 1513 1429 1553 crimine
1461 1513 1607 1565 falsi»,

177 1579 289 1618 cuius
321 1578 445 1617 virtus
481 1576 614 1617 futura
642 1579 693 1618 sit
723 1580 862 1618 «certa
888 1577 1028 1627 fides».
1085 1578 1357 1618 Intelleximus
1394 1578 1609 1617 Iuvencum

181 1643 361 1681 «certam
387 1640 532 1690 fidem»
564 1642 698 1692 magni
726 1643 974 1692 aestimasse,
1003 1640 1075 1681 sed
1103 1640 1208 1691 quod
1238 1641 1414 1693 speravit
1450 1640 1535 1680 fore
1568 1644 1609 1679 ut

177 1706 264 1756 ipse
292 1715 447 1755 quoque
475 1705 649 1744 carmine
676 1705 844 1756 gloriam
872 1706 1154 1757 sempiternam
1183 1709 1222 1745 et
1260 1704 1452 1745 «laudem
1484 1706 1609 1745 aeter-

177 1780 304 1808 nam»
336 1772 612 1819 consequatur,
641 1769 677 1808 ei
705 1781 782 1809 non
808 1769 962 1820 obtigit.
1009 1770 1112 1810 Nam
1132 1781 1219 1809 cum
1238 1781 1362 1820 usque
1382 1768 1435 1808 ad
1454 1772 1610 1819 tempus

178 1834 355 1871 nostrum
370 1830 553 1881 legantur
567 1835 686 1882 atque
700 1834 843 1871 iterum
857 1832 1041 1883 legantur
1055 1832 1092 1871 H
1101 1845 1123 1872 o
1132 1845 1170 1870 m
1178 1845 1257 1872 eru
1266 1845 1285 1872 s
1301 1836 1340 1871 et
1348 1833 1383 1871 V
1393 1844 1414 1871 e
1422 1832 1565 1882 rgiliu
1573 1844 1609 1882 s,

178 1895 418 1935 Iuvencus
452 1896 492 1934 in
527 1895 764 1935 oblivionem
798 1897 992 1948 pervenit,
1027 1908 1266 1947 quamquam
1301 1896 1462 1935 Iuvenci
1495 1907 1609 1946 argu-

178 1962 351 1998 mentum
380 1957 571 2008 grandius
599 1962 659 1998 est
687 1971 805 2009 quam
834 1960 1028 1999 Homeri
1056 1960 1121 1999 vel
1145 1960 1346 2010 Vergili.
1392 1960 1478 1999 Hoc
1507 1960 1611 1998 enim

178 2025 452 2074 argumentum
481 2022 608 2062 maius
636 2025 708 2074 est,
738 2034 856 2073 quam
876 2026 918 2062 ut
935 2023 1117 2063 versibus
1137 2024 1391 2075 exprimatur.
1416 2021 1611 2073 ⁴Grandis

178 2086 383 2137 dulcisque
420 2085 567 2127 Christi
608 2099 737 2126 sermo
777 2086 864 2126 fluit
904 2088 1019 2137 quasi
1060 2099 1220 2127 carmen
1261 2088 1391 2138 ipsum
1433 2087 1611 2126 oratione

177 2161 296 2201 prosa
326 2150 598 2201 compositum.
654 2150 757 2202 Nam
791 2151 879 2201 quis
914 2154 975 2190 est
1008 2151 1074 2201 qui
1108 2151 1234 2202 possit
1269 2151 1466 2201 poeticam
1502 2149 1610 2188 illam

177 2213 419 2265 psalmorum
452 2214 671 2254 orationem
707 2226 855 2265 augere
887 2215 1097 2255 versibus?
1151 2214 1341 2253 Permulti
1376 2218 1415 2253 et
1448 2217 1539 2253 sunt
1573 2217 1612 2253 et

179 2279 305 2328 erunt,
334 2277 399 2327 qui
429 2277 639 2327 evangelia
667 2277 815 2329 legant,
844 2270 1087 2330 paucissimi,
1116 2278 1182 2328 qui
1209 2276 1459 2316 «Messiam»
1491 2277 1610 2315 intro-

179 2341 366 2391 spiciant!
413 2343 653 2382 Iuvencus
681 2354 783 2382 cum
813 2342 987 2381 carmine
1017 2354 1088 2381 suo
1107 2341 1322 2381 christiano
1342 2343 1610 2381 demovere

178 2406 328 2444 vellet
372 2406 483 2444 loco
535 2416 623 2444 suo
675 2407 947 2455 praecipue
992 2407 1283 2455 Vergilium,
1334 2406 1609 2456 Vergilium

179 2468 402 2509 imitatus
431 2470 520 2508 est.
576 2467 657 2507 Sed
686 2468 786 2508 alios
814 2480 969 2519 quoque
997 2473 1137 2520 poetas
1166 2469 1286 2507 veluti
1315 2469 1611 2516 Lucretium,

180 2529 421 2582 Ovidium,
450 2531 655 2571 Statium
683 2532 880 2571 Iuvencus
907 2544 986 2571 non
1006 2533 1173 2583 spernit3
1203 2533 1314 2571 cuius
1342 2534 1399 2571 rei
1428 2532 1611 2583 exempla

180 2592 323 2633 afferre
365 2594 461 2634 mihi
503 2606 601 2647 opus
642 2607 720 2634 non
762 2597 835 2646 est,
877 2607 963 2635 cum
1007 2607 1110 2646 quae
1143 2596 1223 2635 iam
1257 2595 1381 2636 Reus
1394 2596 1530 2636 chius
1572 2600 1611 2635 et

180 2655 424 2698 Grebserus
452 2671 581 2711 pauca
609 2658 868 2711 contulerunt,
897 2659 1054 2698 auxerit
1072 2659 1295 2699 Huemerus
1324 2661 1396 2699 sub
1426 2659 1611 2700 editionis
