1800 2904
843 206 943 264 45'

261 329 469 381 Iuvencus,
498 329 603 380 quod
630 329 693 369 III
721 324 829 369 425:'
857 328 981 369 «Sed
1012 329 1055 369 si
1083 328 1322 369 discutiet
1348 328 1592 368 doctorum

155 392 305 444 frena
339 393 567 433 duorum»
604 387 735 433 reddit
767 392 880 432 Mtth.
917 392 1055 433 XVIII
1094 394 1140 433 17
1186 391 1403 442 «Quodsi
1439 394 1484 431 et
1517 404 1592 431 eos

155 468 254 496 ‘nort
281 456 507 496 audierit
534 488 541 495 .
573 489 579 495 .
612 488 619 495 .
651 473 705 507 .»‚
737 461 829 496 ante
857 457 992 497 oculos
1020 456 1196 496 habebat
1225 469 1369 507 equum
1399 455 1588 506 ferocem,

157 521 218 559 cui
247 522 427 571 quamvis
455 520 533 560 duo
562 521 676 561 frena
704 520 933 571 adhibeant,
968 524 1102 560 tamen
1135 533 1183 560 ea
1214 520 1388 560 discutit.
1445 519 1589 558 Statim

157 583 410 624 recordamur
443 584 593 635 Vergili
632 584 760 624 locum
795 584 850 623 VI
890 584 976 634 100,
1018 596 1095 634 quo
1138 583 1187 623 de
1229 583 1383 635 Sibylla
1427 582 1588 622 dicitur:

263 679 271 687 .
301 640 317 686 .’
339 660 387 688 ea
413 648 564 699 frena
589 646 751 700 furenti
781 645 1011 686 Concutit
1039 678 1046 685 .
1079 679 1087 686 .
1118 678 1126 686 .
1158 678 1165 685 .
1197 646 1385 697 Apollo».

312 732 595 783 Evangelistae
622 731 735 771 Mtth.
765 718 889 771 verba
917 731 1015 769 XXI
1040 731 1085 769 21
1123 746 1155 768 «.
1186 760 1195 769 .
1227 761 1234 768 .
1267 761 1274 768 .
1304 731 1373 770 sed
1399 731 1435 770 si
1462 730 1591 770 monti

210 794 305 834 haic
323 795 510 834 dixeritis
531 794 703 834 «Tolle
722 796 767 833 et
791 794 928 833 iacta
956 796 1000 833 te
1026 794 1080 833 i‘n
1106 806 1282 843 mare»,
1312 794 1432 845 fiet»,
1459 793 1591 833 reddit

209 859 403 898 Iuvencus
431 872 492 897 vv.
522 858 584 896 III
613 856 780 908 669s70:

348 963 356 970 .
388 964 395 972 .
427 963 434 971 .
465 961 473 970 .
505 963 514 982 ,
542 932 611 971 sed
635 931 783 971 montis
811 932 916 971 celsa
942 931 1084 970 revelli
1411 953 1419 960 ·

345 994 586 1034 Credentum
612 994 728 1034 verbo
749 996 944 1044 poterunt
969 994 1171 1044 undisque
1192 994 1423 1045 profundi»

211 1068 503 1119 amplificatque
532 1082 567 1107 v.
597 1069 693 1108 671:

211 1140 354 1181 «Cum
381 1142 530 1181 silvis
552 1142 753 1192 pariter
779 1142 1014 1192 saxisque
1039 1141 1260 1193 ferisque
1287 1141 1537 1181 recondi».

262 1226 316 1264 In
335 1228 786 1275 amplificationum
807 1228 1116 1275 poeticarum
1146 1238 1341 1265 numero
1376 1225 1590 1265 reteren-

158 1288 245 1328 dae
279 1294 388 1328 sunt
414 1291 558 1328 etiam
583 1291 707 1329 solis
737 1292 874 1330 ortus
901 1293 946 1327 et
969 1301 1173 1330 occasus
1202 1291 1589 1340 descriptiones,

158 1365 280 1403 quae
309 1354 585 1404 exprimunt
613 1353 758 1392 verba
787 1354 1128 1403 evangelistae
1157 1354 1402 1404 simplicia
1436 1354 1588 1392 veluti

161 1416 352 1456 «altera
386 1419 549 1460 autem
582 1416 686 1455 die»
725 1416 802 1455 vel
847 1427 1068 1466 «vespere
1108 1418 1271 1456 autem
1312 1416 1470 1467 facto»
1516 1417 1590 1456 vel

159 1480 349 1519 similia.
417 1479 663 1519 Interdum
705 1480 946 1519 Iuvencus
993 1480 1038 1518 in
1085 1479 1158 1519 his
1199 1480 1461 1530 Vergilium
1509 1484 1591 1519 aut

159 1543 283 1583 alios
312 1546 481 1593 poetas
510 1544 743 1582 imitatur.
798 1543 960 1582 Iuvenci
989 1554 1127 1581 versus
1155 1543 1211 1581 IV
1239 1541 1406 1593 586s87:

175 1615 377 1655 «Sidera
403 1615 499 1655 iam
530 1615 632 1655 luci
659 1615 929 1655 concedunt
954 1618 1000 1655 et
1024 1615 1235 1666 rapidus
1261 1615 1333 1655 sol

201 1678 531 1730 Proqreditur
558 1678 722 1718 radiis
750 1681 912 1719 terras
947 1678 1319 1729 trepidantibus
1352 1678 1585 1729 impleris»

158 1768 351 1804 exornant
385 1763 499 1803 Mtth.
533 1764 655 1803 verba
690 1764 846 1803 XXVII
887 1765 901 1803 l
945 1763 1120 1804 «Mane
1153 1767 1312 1804 autem
1344 1764 1505 1815 facto»
1549 1768 1589 1803 et

156 1840 295 1868 versus
322 1827 384 1866 III
412 1826 577 1879 224s25:

188 1912 491 1953 «Convexum
518 1911 742 1962 quotiens
768 1911 965 1952 claudit
989 1925 1090 1952 ‘nox
1118 1912 1317 1952 humida
1344 1912 1531 1952 caelum

215 1975 268 2016 Si
294 1975 445 2016 ruber
472 1974 709 2026 astrifero
731 1974 955 2026 procedit
979 1987 1149 2026 vesper
1179 1974 1401 2026 Olympo»

158 2059 352 2095 exornant
386 2054 498 2094 Mtth.
533 2055 629 2094 XVI
662 2055 705 2095 2:
745 2067 878 2095 «cum
911 2067 1016 2095 sero
1049 2055 1237 2106 factam
1270 2054 1476 2106 fuerit»,
1512 2067 1588 2105 quo

156 2119 243 2158 loco
271 2118 467 2157 Iuvencus
495 2118 712 2168 Vergilium
742 2118 930 2168 sequitur.

262 2202 321 2241 Ut
367 2214 513 2252 supra
564 2201 898 2241 intelleximus
944 2202 1202 2241 Iuvencum
1254 2202 1392 2252 plura
1444 2214 1588 2241 evan-

156 2265 368 2315 gelistae
410 2264 560 2304 verba
599 2264 875 2304 reddidisse
924 2276 1271 2315 nonnumquam
1316 2276 1431 2303 voce
1477 2277 1588 2316 una,

156 2329 223 2368 ita
251 2327 398 2367 multo
428 2330 623 2380 saepius
651 2328 924 2380 amplificat
951 2329 1027 2368 vel
1056 2332 1418 2368 exornatunam
1440 2341 1587 2369 evan-

156 2394 369 2442 gelistae
399 2403 571 2431 vocem
600 2393 828 2441 pluribus
857 2394 1025 2432 verbis
1053 2394 1284 2442 poeticis.

262 2476 408 2516 Vocem
440 2475 796 2526 «prophetare»
827 2477 945 2536 Le41
973 2476 1023 2516 67
1057 2476 1189 2516 reddit
1219 2477 1415 2517 Iuvencus
1444 2477 1463 2516 I
1494 2477 1587 2517 116:

159 2552 366 2580 «canere
393 2538 593 2579 venturi
620 2540 814 2581 conscia
842 2540 1018 2580 dicta».
1048 2563 1098 2568 —
1125 2540 1273 2579 Vocem
1306 2539 1585 2580 «oboedire»

155 2603 268 2642 Mtth.
310 2602 408 2642 VIII
448 2603 498 2642 27
540 2602 826 2643 circumscribit
866 2603 949 2643 Iuv.
993 2603 1033 2641 II
1074 2603 1137 2653 42,
1177 2603 1374 2653 procellas
1415 2603 1589 2642 humana

156 2667 288 2717 specie
316 2665 496 2717 induens,
528 2680 545 2700 «
557 2665 706 2706 minis
733 2665 1023 2706 submittere
1041 2666 1210 2706 colla».
1231 2689 1282 2695 —
1301 2667 1449 2706 Vocem
1469 2679 1589 2706 unam
