1800 2904
905 139 953 178 14

202 241 309 282 enim
357 242 440 283 tuis
483 242 773 292 iustificaberis
817 245 856 283 et
894 256 944 283 ex
985 243 1117 284 verbis
1160 243 1249 285 tuit
1282 243 1638 286 condemnaberis»

202 307 415 355 ambitiosa
443 306 575 347 Ovidii
605 307 807 358 elegantia
835 306 966 347 reddit
995 307 1190 348 Iuvencus
1216 308 1255 347 ΙΙ
1282 307 1450 361 635s36:

392 385 409 405 «
424 369 640 410 Verborum
666 370 824 410 meritis
849 369 990 411 veniet
1008 370 1084 411 sub
1111 370 1245 412 iudice
1266 383 1411 422 poena,

426 432 642 474 Verborum
670 431 828 474 meritis
853 431 1021 475 dabitur
1047 433 1122 476 sub
1149 434 1282 475 iudice
1308 434 1431 476 vita.»

201 498 294 536 Alia
328 497 446 537 affert
473 498 685 537 Ebertus
716 496 770 537 lv
799 498 877 537 490
906 510 963 548 sq.
993 501 1033 537 et
1061 499 1138 538 553
1167 497 1234 548 (ed
1262 498 1434 550 Huem.).
1473 521 1524 527 —
1560 499 1641 539 Suo

202 562 322 610 igitur
350 562 435 599 iure
460 560 707 610 Ebertus1)
738 560 892 600 scribit:
924 559 1031 600 «Die
1058 560 1203 601 Zierde
1230 561 1298 601 des
1316 560 1473 613 Stoffes,
1501 562 1640 614 inquit,

201 636 290 664 war
342 622 601 664 Wahrheit.
672 623 754 664 Die
797 626 909 664 treue
959 623 1211 676 Wiederqabe
1258 624 1461 665 der-selben
1507 626 1642 671 musste

201 687 317 727 seine
340 689 443 727 erste
470 686 661 739 Aufqabe
687 687 777 727 sein
798 717 807 727 .
827 717 837 726 .
858 716 867 726 .
890 717 897 725 .
947 686 1096 728 Damit
1121 686 1218 728 aber
1244 687 1393 739 wurde,
1422 699 1507 728 was
1534 686 1641 729 auch

202 749 409 792 Iuvencus
435 750 558 792 selbst
582 751 631 792 in
649 750 780 792 einem
798 750 954 792 kurzen
972 750 1140 803 Epiloqe
1159 751 1352 792 andeutet
1370 751 1443 792 IV
1454 751 1544 806 804Ι
1560 763 1639 802 sq..·

393 831 410 850 «
425 814 613 855 Versibus
640 817 689 855 ut
714 814 867 855 nostris
894 814 1061 854 divinae
1084 814 1222 866 yloria
1251 814 1348 866 leqis

417 878 672 919 ornamenta
702 877 831 918 libens
857 880 1017 928 caperet
1044 877 1254 918 terrestria
1283 877 1451 929 linquae
1464 894 1481 913 »

200 942 312 981 seine
339 941 604 981 dichterische
634 940 840 992 Tatiykeit
871 952 955 981 nur
982 941 1065 992 auf
1086 940 1152 980 die
1180 944 1357 988 a‘ussere
1385 940 1534 981 Form
1562 940 1641 981 des

210 1004 376 1045 Verses
404 1004 493 1045 und
520 1003 841 1045 Ausdruckes
867 1004 1084 1045 verwiesen
1109 1035 1118 1044 .
1141 1036 1148 1043 .
1171 1035 1179 1043 .
1202 1020 1234 1043 .»
1291 1005 1417 1045 Poeta
1445 1005 1640 1045 Iuvencus

201 1073 329 1109 certat
372 1081 462 1109 cum
496 1069 681 1119 theologo
716 1070 899 1108 Iuvenco.
960 1069 1007 1107 In
1046 1068 1121 1108 hoc
1157 1069 1374 1108 certamine
1408 1068 1640 1120 plerumque

202 1136 364 1185 superat
385 1132 594 1183 theologus
614 1136 788 1184 poetam.
807 1154 860 1161 —-
880 1131 992 1180 Quae
1012 1144 1038 1172 a
1056 1130 1298 1172 Schillero
1322 1132 1640 1184 Klopstockii

199 1197 365 1236 carmini
401 1197 514 1248 epico
551 1195 657 1247 quod
690 1196 918 1236 inscribitur
949 1194 1180 1236 «Messias»
1218 1195 1328 1235 laudi
1362 1194 1524 1236 dantur:
1562 1195 1642 1236 «So

199 1251 255 1299 ist
287 1259 368 1299 mir
401 1259 466 1300 die
501 1258 703 1299 Messiade
737 1259 801 1299 als
835 1258 903 1299 ein
935 1258 1084 1299 Schatz
1119 1258 1399 1316 eleyisclier
1427 1258 1642 1311 Gefu‘hle

200 1323 289 1364 und
333 1322 636 1364 ideali-soher
677 1321 1079 1374 Schilderunyen
1128 1325 1287 1373 teuer»,
1339 1323 1499 1362 minime
1550 1327 1641 1362 sunt

199 1386 463 1426 accomodata
491 1386 544 1426 ad
571 1387 734 1426 Iuvenci
762 1398 942 1437 carmem,
972 1385 1042 1426 sed
1071 1385 1177 1436 quod
1197 1385 1467 1426 Schillerus
1493 1386 1640 1437 Klop-

200 1450 378 1490 stockii
418 1451 584 1490 carmini
625 1451 744 1490 vertit
785 1451 882 1489 vitio
923 1461 1095 1501 pergens
1140 1449 1243 1489 «wie
1283 1449 1412 1501 weniq
1445 1449 1503 1489 sie
1534 1449 1641 1489 mich

200 1513 305 1553 auch
348 1513 412 1553 als
450 1513 790 1564 Darstelluny
840 1513 979 1552 einer
1021 1512 1300 1564 Handlunq
1340 1513 1428 1552 und
1469 1513 1532 1552 als
1573 1513 1641 1552 ein

199 1576 416 1627 episches
454 1576 589 1616 Werlc
624 1576 903 1629 befriediqet»,
942 1575 1048 1615 idem
1083 1577 1245 1616 Iuvenci
1283 1576 1447 1615 carmini
1483 1579 1544 1615 est
1572 1588 1639 1628 op-

198 1640 370 1692 probrio.
435 1639 685 1690 Quamquam
721 1639 862 1680 modus
896 1638 1150 1692 vituperandi
1184 1639 1300 1679 nobis
1335 1643 1397 1679 est
1432 1638 1638 1679 tenendus.

198 1704 347 1754 Negari
376 1716 455 1743 non
483 1706 617 1755 potest
644 1705 811 1743 virtutes
838 1715 917 1743 non
951 1702 1104 1743 deesse.
1161 1703 1293 1754 Legas
1328 1702 1446 1742 velim
1481 1715 1639 1743 versum

198 1769 216 1807 I
252 1767 328 1807 545
372 1766 480 1807 «Est
517 1770 576 1807 est
606 1766 800 1819 sufficiat,
846 1766 951 1818 quod
990 1779 1075 1807 non
1108 1768 1177 1816 est,
1227 1766 1359 1816 dicite,
1401 1778 1486 1806 non
1530 1765 1635 1806 est!›

120 1866 124 1869 .
199 1831 328 1878 Quam
357 1831 563 1882 eleganter
593 1831 865 1882 evangelistae
893 1830 1020 1870 verba
1047 1828 1179 1870 reddit
1207 1842 1341 1870 eorum
1365 1831 1444 1869 vim
1463 1831 1639 1869 retinens

198 1894 313 1934 Mtth.
350 1895 385 1934 V
419 1895 469 1934 37
515 1893 611 1934 «Sit
644 1896 780 1934 autem
817 1906 944 1933 sermo
977 1895 1117 1942 vester,
1163 1895 1231 1942 est,
1267 1894 1336 1942 est,
1370 1904 1468 1944 non,
1503 1890 1634 1932 nonl»

198 1957 350 1998 Eodem
380 1956 497 1998 modo
526 1957 610 1997 Ioh.
640 1958 699 1997 III
728 1958 752 1997 8
792 1956 991 2008 «spiritus
1023 1956 1095 1997 ubi
1127 1957 1219 1997 vult
1250 1956 1402 2008 spirat:
1440 1959 1478 1996 et
1509 1969 1637 1996 vocem

199 2021 286 2061 eius
314 2020 446 2070 audis,
476 2020 546 2060 sed
572 2033 656 2060 non
682 2020 761 2060 scis
788 2020 898 2061 unde
923 2019 1065 2060 veniat
1088 2022 1164 2060 aut
1180 2032 1257 2071 quo
1275 2019 1436 2069 vadat.»
1468 2031 1635 2070 quocum

199 2085 386 2125 conferas
423 2085 506 2124 Iuv.
537 2086 576 2124 II
608 2084 798 2137 199s200:
842 2083 954 2124 «Hic
986 2083 1058 2124 ubi
1095 2084 1202 2133 vult,
1245 2096 1490 2134 quocumque
1529 2083 1640 2123 volat

198 2161 404 2199 vocemque
438 2161 514 2198 per
555 2160 684 2188 auras
718 2147 867 2197 Iactat,
910 2147 979 2187 sed
1017 2146 1159 2196 nescis,
1203 2159 1307 2198 quae
1345 2146 1432 2187 sint
1471 2146 1638 2187 exordia

198 2211 347 2253 vocis».
403 2212 542 2263 Neque
571 2213 700 2253 minus
728 2212 830 2252 bene
860 2212 1035 2263 explicat
1067 2211 1248 2251 versibus
1277 2212 1316 2251 11
1345 2210 1492 2263 458s59
1532 2209 1640 2250 «Sed

197 2288 266 2316 vos
294 2278 438 2327 aryuto
465 2278 696 2326 serpentum
722 2275 837 2315 corde
863 2275 1002 2326 viqete,
1033 2273 1301 2325 Simplicitate
1335 2277 1471 2315 tamen
1504 2273 1640 2312 dulces

198 2341 386 2390 superate
413 2338 643 2379 columbas»
677 2338 791 2378 Mtth.
817 2338 941 2377 verba
969 2337 1008 2376 X
1039 2337 1086 2377 16
1117 2336 1279 2378 «Estote
1306 2336 1507 2388 sapientes
1534 2335 1641 2376 sicut

198 2404 411 2453 serpentes,
442 2406 481 2441 et
506 2401 705 2452 simplices
731 2404 781 2442 ut
806 2400 1053 2442 columbae».
1102 2400 1185 2440 Sed
1212 2402 1428 2453 praecipue
1456 2400 1496 2438 in
1519 2404 1639 2451 poeta

199 2465 450 2507 aestimando
479 2478 551 2506 nos
580 2478 737 2517 semper
765 2477 961 2506 memores
989 2477 1078 2505 esse
1107 2469 1263 2517 oportet
1292 2466 1506 2504 Iuvencum
1533 2465 1638 2515 prin-

307 2601 376 2642 1)1.
401 2611 428 2634 c.
454 2611 486 2642 p.
514 2604 581 2636 111.
