1800 2904
843 207 890 248 61

152 313 334 365 pendent
346 312 497 353 circum
511 314 647 354 oscula
661 312 810 353 nati.»
820 313 927 352 —In
934 312 1099 351 circuitu
1107 312 1218 351 vocis
1229 311 1385 350 «sanis»
1398 308 1593 360 11354s55

157 377 353 418 Iuvencus
372 377 563 418 vocabulo
582 377 754 418 «salus»
773 376 952 416 attribuit
966 374 1207 415 adiectivum
1224 373 1593 414 «intemerata»,

157 440 263 492 quod
292 453 313 480 e
340 441 514 492 Vergilio
542 442 710 493 petitum
737 443 846 491 puto,
874 440 941 490 qui
970 438 1066 478 dicit
1085 440 1124 478 II
1147 439 1221 478 143
1253 437 1595 477 «Intemerata

156 503 254 553 fides
268 535 275 543 .
289 520 355 544 ..».
384 505 472 546 Non
492 505 608 545 aliter
626 516 691 543 res
711 515 753 543 se
772 502 906 553 habet,
926 503 959 542 si
973 503 1168 542 Iuvencus
1187 503 1226 541 Π
1245 501 1322 541 706
1345 517 1363 537 «
1373 502 1590 553 yentem»

157 568 460 610 Pharisaeorum
489 573 529 609 et
557 568 776 609 scribarum
804 565 1001 617 significat
1023 565 1299 617 «impiam».
1348 565 1443 605 Sine
1473 563 1593 603 dubio

159 634 335 684 sequitur
361 633 479 684 Verg.
510 632 556 672 G.
585 632 624 671 II
652 631 730 670 537
772 645 806 669 <‹.
835 658 845 668 .
875 658 885 668 .
915 659 924 667 .
954 631 1050 669 ante
1078 629 1084 680 Ι
1116 628 1278 680 Impia
1311 641 1435 680 quam
1468 627 1595 668 caesis

153 708 273 747 qens
292 692 533 746 estepulata
559 693 784 735 iuvencis».
813 714 867 721 —
894 692 1013 732 Haud
1041 694 1123 732 scio
1152 705 1203 732 an
1231 692 1428 732 Iuvencus
1448 692 1489 731 II
1516 691 1593 730 779

157 760 244 799 voci
288 774 306 795 e<
319 771 416 810 aqro
428 774 445 794 »
490 758 615 798 addat
649 756 899 801 ,adiectivum
942 771 959 791 «
971 756 1090 797 duro
1102 772 1119 792 »
1163 757 1379 807 Vergilium
1421 761 1593 806 secutus,

159 824 224 873 qui
247 822 413 862 V11747
436 821 616 862 similiter
630 819 727 860 dicit
749 836 780 858 «.
799 851 806 858 .
825 851 833 859 .
852 850 861 858 .
878 819 1019 860 duris
1034 819 1231 871 glaebis».
1257 843 1309 848 —
1329 819 1455 859 Simili
1476 818 1593 859 modo

160 886 356 924 Iuvencus
370 884 503 925 [1790
520 900 537 919 «
545 882 787 935 pinquia»
805 884 893 922 voci
916 894 1070 923 «arva»
1084 883 1311 923 attribuisse
1327 882 1420 921 mihi
1436 881 1593 922 videtur

157 948 375 998 Vergilium
396 949 586 997 imitatus,
607 945 713 998 apud
738 958 856 996 quem
877 958 999 996 saepe
1018 947 1188 985 occurrit
1210 945 1478 997 «pinquia»
1502 958 1592 985 con—

158 1011 332 1049 iunctum
354 1022 441 1049 cum
462 1009 581 1049 simili
600 1021 697 1049 voce
722 1025 739 1044 «
752 1009 908 1058 culta»,
927 1008 1049 1048 veluti
1069 1009 1168 1048 VIII
1183 1008 1246 1060 63,
1265 1009 1303 1047 X
1321 1009 1409 1048 141.
1430 1031 1481 1037 —
1501 1008 1593 1049 Cer-

155 1074 363 1113 tissumum
391 1076 525 1113 autem
557 1072 688 1113 habeo
724 1076 867 1113 testem
896 1073 1109 1112 Iuvencum
1144 1072 1336 1112 attributa
1364 1084 1386 1111 e
1414 1072 1592 1123 Vergilio

155 1137 345 1187 petivisse
359 1136 486 1177 locum
503 1136 558 1176 IV
573 1136 664 1187 631,
684 1149 801 1187 quem
820 1137 1001 1187 quamvis
1020 1137 1099 1175 iam
1118 1136 1338 1176 Reuschius
1357 1148 1591 1176 commemo-

153 1200 269 1250 ravit,
297 1203 432 1239 tamen
462 1211 589 1239 meum
618 1201 659 1239 in
693 1211 807 1240 usum
836 1203 1028 1251 repetam.
1074 1200 1160 1239 Hoc
1185 1200 1289 1239 enim
1308 1200 1395 1239 loco
1414 1199 1592 1251 appellat

159 1262 355 1302 Iuvencus
374 1266 539 1302 mortem
559 1262 696 1315 Iudae,
726 1264 792 1314 qui
819 1275 862 1303 se
882 1262 1090 1315 suspendit
1110 1263 1160 1302 de
1181 1263 1297 1303 ficu«
1280 1262 1588 1315 «informem»

159 1318 376 1375 Vergilium
396 1330 568 1376 secutus,
588 1327 655 1375 qui
674 1327 794 1365 letum
816 1326 1030 1377 suspendio
1045 1327 1265 1377 oppetitum
1282 1327 1494 1377 appellat<
1490 1326 1590 1365 <in-

157 1387 335 1437 forme»
349 1387 532 1427 X11603:
552 1387 639 1427 «Et
650 1388 800 1428 ‘nodum
813 1388 1041 1440 informis
1058 1388 1125 1428 leti
1143 1387 1256 1428 trabe
1269 1388 1395 1428 nectit
1405 1388 1455 1428 ab
1465 1388 1589 1428 alta».

266 1451 482 1491 Praeterea
510 1451 680 1492 conferri
707 1455 890 1504 possunt:

409 1515 502 1554 Iuv.
578 1516 597 1554 I
625 1514 715 1555 452
744 1528 831 1555 cum
859 1515 995 1566 Verg.
1023 1516 1097 1555 III
1126 1516 1234 1568 2453

408 1579 502 1618 Iuv.
556 1579 603 1618 II
632 1578 719 1619 505
777 1610 795 1632 „
860 1571 993 1630 Verg.
1023 1579 1068 1620 G.
1099 1581 1117 1619 I
1145 1578 1220 1632 693

407 1642 503 1681 Iuv.
557 1642 603 1681 II
632 1642 720 1682 563
779 1673 797 1695 „
858 1643 994 1693 Verg.
1025 1642 1070 1682 Gr.
1102 1642 1286 1694 114243

406 1705 503 1744 Iuv.
532 1706 605 1744 III
664 1706 721 1745 38
779 1736 797 1757 „
860 1706 995 1756 Verg.
1025 1705 1221 1756 V1,229;

406 1767 500 1807 Iuv.
531 1769 604 1807 III
635 1768 719 1807 127
778 1799 796 1820 „
861 1768 999 1819 Verg.
1028 1768 1118 1808 VII
1146 1767 1222 1820 243

405 1830 504 1870 Iuv.
539 1831 602 1870 IV
631 1831 714 1870 211
777 1862 795 1883 „
857 1832 995 1882 Verg.
1024 1831 1068 1870 B.
1099 1832 1159 1871 IV
1187 1832 1262 1882 683
1291 1831 1336 1871 Gr.
1367 1832 1549 1881 11425;

405 1894 499 1933 Iuv.
540 1894 602 1934 IV
629 1894 721 1934 379
778 1925 796 1947 „
860 1895 994 1945 Verg.
1025 1894 1071 1934 G.
1102 1895 1164 1935 IV
1194 1895 1305 1946 5553

404 1954 511 1999 Iuv.¹
536 1958 598 1998 IV
628 1959 716 1997 517
774 1989 792 2010 „
857 1959 990 2009 Verg.
1020 1958 1264 2010 1670s71·

403 2022 500 2060 Iuv.
535 2021 596 2060 IV
626 2020 717 2060 725
775 2051 794 2073 „
859 2021 994 2071 Verg.
1023 2020 1070 2059 V.
1099 2020 1195 2073 4083

254 2083 491 2123 Iuvencus
533 2088 740 2124 exornat
782 2088 827 2125 et
868 2083 1147 2135 amplificat
1187 2085 1498 2155 narrationes
1545 2088 1590 2124 et

150 2147 405 2187 orationes
433 2147 863 2187 enuntiationibus
890 2147 1213 2197 Vergilianis:

297 2208 504 2250 Matthaei
523 2209 646 2261 verba
661 2210 717 2250 VI
734 2209 825 2250 26<<
836 2209 1040 2261 Respicite
1059 2209 1246 2251 volatilia
1264 2210 1378 2262 caeli,
1398 2210 1591 2262 quoniam

163 2300 165 2302 ·
202 2284 299 2313 ‘non
335 2276 508 2314 serunt
538 2285 669 2325 ‘neque
701 2276 860 2314 metunt
891 2286 1022 2325 ‘neque
1054 2277 1302 2326 conqreyant
1334 2275 1381 2314 in
1409 2274 1585 2315 horrea»

159 2356 161 2358 ·
207 2339 372 2374 exornat
399 2336 595 2376 Iuvencus
623 2337 641 2375 I
669 2337 748 2377 635
785 2352 817 2375 «.
848 2366 857 2375 .
888 2367 895 2374 .
928 2367 936 2375 .
964 2348 1066 2376 num
1092 2349 1246 2377 vomere
1267 2349 1404 2388 presso
1435 2337 1590 2390 Terqa

202 2398 278 2440 soli
304 2397 577 2452 subiywnt..
598 2431 606 2438 .
630 2418 637 2439 ;
660 2416 693 2442 .,>>
724 2401 800 2441 nisi
829 2399 947 2442 fallor
982 2404 1144 2441 secutus
1170 2401 1388 2452 Vergilium
1408 2401 1455 2442 G.
1476 2403 1494 2442 I
1516 2402 1590 2443 125

207 2478 223 2497 ‹<
238 2465 335 2503 ante
368 2462 501 2503 Iovem
535 2464 648 2506 nulli
681 2463 981 2515 subiqebant
1015 2476 1133 2504 arva
1167 2464 1340 2505 coloni».
1381 2488 1432 2494 -
1475 2466 1589 2513 Quod

202 2525 360 2566 Marcus
382 2527 417 2566 V
440 2526 488 2566 14
515 2526 746 2579 simpliciter
773 2531 910 2579 narrat
940 2527 1047 2577 «Qui
1075 2530 1210 2569 autem
1230 2528 1457 2579 pascebant
1482 2529 1587 2581 illos,

201 2590 402 2642 fugerunt
428 2593 467 2631 et
490 2588 840 2642 renuntiaverunt
865 2591 913 2631 in
931 2590 1134 2632 civitatem
1153 2595 1192 2632 et
1208 2592 1257 2632 i‘n
1275 2606 1394 2645 ayros
1409 2610 1426 2630 »
1457 2594 1589 2634 reddit

203 2653 399 2693 Iuvencus
427 2655 466 2694 II
495 2655 545 2695 70
574 2666 650 2705 sq.:
