<?xml version="1.0" encoding="UTF-8"?>
<!DOCTYPE html PUBLIC "-//W3C//DTD XHTML 1.0 Transitional//EN"
    "http://www.w3.org/TR/xhtml1/DTD/xhtml1-transitional.dtd">
<html xmlns="http://www.w3.org/1999/xhtml" xml:lang="en" lang="en">
 <head>
  <title>
</title>
<meta http-equiv="Content-Type" content="text/html;charset=utf-8" />
  <meta name='ocr-system' content='tesseract 3.04.00' />
  <meta name='ocr-capabilities' content='ocr_page ocr_carea ocr_par ocr_line ocrx_word'/>
</head>
<body>
  <div class='ocr_page' id='page_1' title='image "4737235_0065.png"; bbox 0 0 1800 2904; ppageno 0'>
   <div class='ocr_carea' id='block_1_1' title="bbox 856 180 902 221">
    <p class='ocr_par' dir='ltr' id='par_1_1' title="bbox 856 180 902 221">
     <span class='ocr_line' id='line_1_1' title="bbox 856 180 902 221; baseline -0.043 0"><span class='ocrx_word' id='word_1_1' title='bbox 856 180 902 221; x_wconf 84' lang='lat'><strong><em>51</em></strong></span> 
     </span>
    </p>
   </div>
   <div class='ocr_carea' id='block_1_2' title="bbox 760 236 1009 240">
    <p class='ocr_par' dir='ltr' id='par_1_2' title="bbox 760 236 1009 240">
     <span class='ocr_line' id='line_1_2' title="bbox 760 236 1009 240; baseline 0 0"><span class='ocrx_word' id='word_1_2' title='bbox 760 236 1009 240; x_wconf 95' lang='lat' dir='ltr'><strong><em> </em></strong></span> 
     </span>
    </p>
   </div>
   <div class='ocr_carea' id='block_1_3' title="bbox 167 283 1610 466">
    <p class='ocr_par' dir='ltr' id='par_1_3' title="bbox 167 283 1610 466">
     <span class='ocr_line' id='line_1_3' title="bbox 272 283 1606 339; baseline -0.004 -12"><span class='ocrx_word' id='word_1_3' title='bbox 272 285 422 327; x_wconf 83' lang='lat' dir='ltr'><strong><em>Eodem</em></strong></span> <span class='ocrx_word' id='word_1_4' title='bbox 451 286 567 327; x_wconf 90' lang='lat' dir='ltr'><strong><em>modo</em></strong></span> <span class='ocrx_word' id='word_1_5' title='bbox 586 287 812 339; x_wconf 82' lang='lat' dir='ltr'><strong>transponit</strong></span> <span class='ocrx_word' id='word_1_6' title='bbox 831 286 1040 335; x_wconf 90' lang='lat' dir='ltr'><strong><em>Iuvencus,</em></strong></span> <span class='ocrx_word' id='word_1_7' title='bbox 1068 283 1175 335; x_wconf 92' lang='lat' dir='ltr'><strong><em>quod</em></strong></span> <span class='ocrx_word' id='word_1_8' title='bbox 1194 283 1303 336; x_wconf 89' lang='lat' dir='ltr'><strong><em>apud</em></strong></span> <span class='ocrx_word' id='word_1_9' title='bbox 1321 283 1434 323; x_wconf 89' lang='lat' dir='ltr'><strong><em>Mtth.</em></strong></span> <span class='ocrx_word' id='word_1_10' title='bbox 1455 283 1535 322; x_wconf 92' lang='lat' dir='ltr'><strong><em>XII</em></strong></span> <span class='ocrx_word' id='word_1_11' title='bbox 1556 283 1606 322; x_wconf 89' lang='lat'><strong><em>37</em></strong></span> 
     </span>
     <span class='ocr_line' id='line_1_4' title="bbox 168 346 1610 398; baseline -0.003 -7"><span class='ocrx_word' id='word_1_12' title='bbox 168 351 336 392; x_wconf 86' lang='lat' dir='ltr'><strong><em>dicitur:</em></strong></span> <span class='ocrx_word' id='word_1_13' title='bbox 369 351 468 391; x_wconf 70' lang='lat' dir='ltr'><strong><em>«Em</em></strong></span> <span class='ocrx_word' id='word_1_14' title='bbox 495 351 626 392; x_wconf 84' lang='lat' dir='ltr'><strong><em>verbis</em></strong></span> <span class='ocrx_word' id='word_1_15' title='bbox 653 350 762 391; x_wconf 88' lang='lat' dir='ltr'><strong><em>enim</em></strong></span> <span class='ocrx_word' id='word_1_16' title='bbox 798 348 880 389; x_wconf 82' lang='lat' dir='ltr'><strong><em>tuis</em></strong></span> <span class='ocrx_word' id='word_1_17' title='bbox 906 347 1193 398; x_wconf 81' lang='lat' dir='ltr'><strong><em>iustificaberis</em></strong></span> <span class='ocrx_word' id='word_1_18' title='bbox 1221 351 1260 389; x_wconf 90' lang='lat' dir='ltr'><strong><em>et</em></strong></span> <span class='ocrx_word' id='word_1_19' title='bbox 1286 362 1335 389; x_wconf 78' lang='lat' dir='ltr'><strong><em>ex</em></strong></span> <span class='ocrx_word' id='word_1_20' title='bbox 1367 346 1499 388; x_wconf 75' lang='lat' dir='ltr'><strong><em>verbis</em></strong></span> <span class='ocrx_word' id='word_1_21' title='bbox 1528 347 1610 388; x_wconf 87' lang='lat' dir='ltr'><strong><em>tuis</em></strong></span> 
     </span>
     <span class='ocr_line' id='line_1_5' title="bbox 167 413 800 466; baseline -0.003 -12"><span class='ocrx_word' id='word_1_22' title='bbox 167 414 507 465; x_wconf 75' lang='lat' dir='ltr'><strong><em>condemnaberis,</em></strong></span> <span class='ocrx_word' id='word_1_23' title='bbox 537 416 576 454; x_wconf 96' lang='lat' dir='ltr'><strong><em>II</em></strong></span> <span class='ocrx_word' id='word_1_24' title='bbox 605 413 800 466; x_wconf 80' lang='lat' dir='ltr'>635s636:</span> 
     </span>
    </p>
   </div>
   <div class='ocr_carea' id='block_1_4' title="bbox 358 486 1371 593">
    <p class='ocr_par' dir='ltr' id='par_1_4' title="bbox 358 486 1371 593">
     <span class='ocr_line' id='line_1_6' title="bbox 358 486 1371 537; baseline 0.002 -12"><span class='ocrx_word' id='word_1_25' title='bbox 358 505 375 525; x_wconf 86' lang='lat'>«</span> <span class='ocrx_word' id='word_1_26' title='bbox 396 488 613 529; x_wconf 79' lang='lat' dir='ltr'><strong><em>Verborum</em></strong></span> <span class='ocrx_word' id='word_1_27' title='bbox 639 487 798 528; x_wconf 86' lang='lat' dir='ltr'><strong><em>meritis</em></strong></span> <span class='ocrx_word' id='word_1_28' title='bbox 822 486 957 527; x_wconf 88' lang='lat' dir='ltr'><strong><em>veniet</em></strong></span> <span class='ocrx_word' id='word_1_29' title='bbox 981 486 1056 527; x_wconf 81' lang='lat' dir='ltr'><strong><em>sub</em></strong></span> <span class='ocrx_word' id='word_1_30' title='bbox 1083 486 1217 527; x_wconf 87' lang='lat' dir='ltr'><strong><em>iudice</em></strong></span> <span class='ocrx_word' id='word_1_31' title='bbox 1237 498 1371 537; x_wconf 79' lang='lat' dir='ltr'><strong><em>poena</em></strong></span> 
     </span>
     <span class='ocr_line' id='line_1_7' title="bbox 392 549 1363 593; baseline -0.005 0"><span class='ocrx_word' id='word_1_32' title='bbox 392 552 605 593; x_wconf 82' lang='lat' dir='ltr'><strong><em>Verborum</em></strong></span> <span class='ocrx_word' id='word_1_33' title='bbox 631 550 788 592; x_wconf 80' lang='lat' dir='ltr'><strong><em>meritis</em></strong></span> <span class='ocrx_word' id='word_1_34' title='bbox 815 550 950 590; x_wconf 86' lang='lat' dir='ltr'><strong><em>veniet</em></strong></span> <span class='ocrx_word' id='word_1_35' title='bbox 974 550 1048 590; x_wconf 85' lang='lat' dir='ltr'><strong><em>sub</em></strong></span> <span class='ocrx_word' id='word_1_36' title='bbox 1076 549 1209 590; x_wconf 85' lang='lat' dir='ltr'><strong><em>iudice</em></strong></span> <span class='ocrx_word' id='word_1_37' title='bbox 1235 550 1333 590; x_wconf 83' lang='lat' dir='ltr'><strong><em>vita.</em></strong></span> <span class='ocrx_word' id='word_1_38' title='bbox 1346 566 1363 586; x_wconf 87' lang='lat'>»</span> 
     </span>
    </p>
   </div>
   <div class='ocr_carea' id='block_1_5' title="bbox 160 624 1609 932">
    <p class='ocr_par' dir='ltr' id='par_1_5' title="bbox 160 624 1609 932">
     <span class='ocr_line' id='line_1_8' title="bbox 167 624 1607 677; baseline -0.004 -8"><span class='ocrx_word' id='word_1_39' title='bbox 167 629 492 676; x_wconf 81' lang='lat' dir='ltr'><strong><em>Sabatierus1)</em></strong></span> <span class='ocrx_word' id='word_1_40' title='bbox 512 626 637 667; x_wconf 66' lang='lat' dir='ltr'><strong><em>&#39;haud</em></strong></span> <span class='ocrx_word' id='word_1_41' title='bbox 673 630 781 667; x_wconf 90' lang='lat' dir='ltr'><strong><em>recte</em></strong></span> <span class='ocrx_word' id='word_1_42' title='bbox 816 625 961 665; x_wconf 88' lang='lat' dir='ltr'><strong><em>fecisse</em></strong></span> <span class='ocrx_word' id='word_1_43' title='bbox 997 624 1092 664; x_wconf 91' lang='lat' dir='ltr'><strong><em>mihi</em></strong></span> <span class='ocrx_word' id='word_1_44' title='bbox 1127 625 1296 677; x_wconf 86' lang='lat' dir='ltr'><strong><em>videtur,</em></strong></span> <span class='ocrx_word' id='word_1_45' title='bbox 1333 624 1439 675; x_wconf 89' lang='lat' dir='ltr'><strong><em>quod</em></strong></span> <span class='ocrx_word' id='word_1_46' title='bbox 1467 636 1607 664; x_wconf 88' lang='lat' dir='ltr'><strong><em>versus</em></strong></span> 
     </span>
     <span class='ocr_line' id='line_1_9' title="bbox 166 688 1605 742; baseline -0.003 -11"><span class='ocrx_word' id='word_1_47' title='bbox 166 694 223 731; x_wconf 87' lang='lat' dir='ltr'><strong><em>ita</em></strong></span> <span class='ocrx_word' id='word_1_48' title='bbox 262 688 505 742; x_wconf 79' lang='lat' dir='ltr'><strong><em>transponit,&#39;</em></strong></span> <span class='ocrx_word' id='word_1_49' title='bbox 548 694 591 729; x_wconf 92' lang='lat' dir='ltr'><strong><em>ut</em></strong></span> <span class='ocrx_word' id='word_1_50' title='bbox 632 692 852 740; x_wconf 87' lang='lat' dir='ltr'><strong><em>congruant</em></strong></span> <span class='ocrx_word' id='word_1_51' title='bbox 898 700 987 728; x_wconf 87' lang='lat' dir='ltr'><strong><em>cum</em></strong></span> <span class='ocrx_word' id='word_1_52' title='bbox 1035 689 1296 739; x_wconf 84' lang='lat' dir='ltr'><strong><em>evangelista.</em></strong></span> <span class='ocrx_word' id='word_1_53' title='bbox 1374 688 1605 728; x_wconf 84' lang='lat' dir='ltr'><strong><em>Consulto</em></strong></span> 
     </span>
     <span class='ocr_line' id='line_1_10' title="bbox 166 750 1609 806; baseline -0.002 -12"><span class='ocrx_word' id='word_1_54' title='bbox 166 754 388 806; x_wconf 81' lang='lat' dir='ltr'><strong>transponit</strong></span> <span class='ocrx_word' id='word_1_55' title='bbox 415 756 547 805; x_wconf 82' lang='lat' dir='ltr'><strong><em>poeta,</em></strong></span> <span class='ocrx_word' id='word_1_56' title='bbox 575 756 619 793; x_wconf 93' lang='lat' dir='ltr'><strong><em>ut</em></strong></span> <span class='ocrx_word' id='word_1_57' title='bbox 645 764 814 792; x_wconf 87' lang='lat' dir='ltr'><strong><em>versus</em></strong></span> <span class='ocrx_word' id='word_1_58' title='bbox 841 751 951 791; x_wconf 86' lang='lat'><strong>634:</strong></span> <span class='ocrx_word' id='word_1_59' title='bbox 983 754 1051 792; x_wconf 88' lang='lat' dir='ltr'><strong><em>«et</em></strong></span> <span class='ocrx_word' id='word_1_60' title='bbox 1076 752 1189 793; x_wconf 84' lang='lat' dir='ltr'><strong><em>mala</em></strong></span> <span class='ocrx_word' id='word_1_61' title='bbox 1213 751 1369 804; x_wconf 81' lang='lat' dir='ltr'><strong><em>letifero</em></strong></span> <span class='ocrx_word' id='word_1_62' title='bbox 1382 750 1609 802; x_wconf 76' lang='lat' dir='ltr'><strong><em>procedunt</em></strong></span> 
     </span>
     <span class='ocr_line' id='line_1_11' title="bbox 166 815 1607 858; baseline -0.003 0"><span class='ocrx_word' id='word_1_63' title='bbox 166 831 232 858; x_wconf 86' lang='lat' dir='ltr'><strong><em>ore</em></strong></span> <span class='ocrx_word' id='word_1_64' title='bbox 264 829 451 857; x_wconf 75' lang='lat' dir='ltr'><strong><em>venena»</em></strong></span> <span class='ocrx_word' id='word_1_65' title='bbox 496 821 535 856; x_wconf 90' lang='lat' dir='ltr'><strong><em>et</em></strong></span> <span class='ocrx_word' id='word_1_66' title='bbox 571 817 648 856; x_wconf 85' lang='lat'><strong><em>635</em></strong></span> <span class='ocrx_word' id='word_1_67' title='bbox 694 832 711 852; x_wconf 91' lang='lat'>«</span> <span class='ocrx_word' id='word_1_68' title='bbox 732 815 949 856; x_wconf 84' lang='lat' dir='ltr'><strong><em>Verborum</em></strong></span> <span class='ocrx_word' id='word_1_69' title='bbox 987 816 1144 856; x_wconf 87' lang='lat' dir='ltr'><strong><em>meritis</em></strong></span> <span class='ocrx_word' id='word_1_70' title='bbox 1187 816 1318 856; x_wconf 84' lang='lat' dir='ltr'><strong><em>veniet</em></strong></span> <span class='ocrx_word' id='word_1_71' title='bbox 1356 815 1430 856; x_wconf 82' lang='lat' dir='ltr'><strong><em>sub</em></strong></span> <span class='ocrx_word' id='word_1_72' title='bbox 1470 815 1607 855; x_wconf 84' lang='lat' dir='ltr'><strong><em>iudice</em></strong></span> 
     </span>
     <span class='ocr_line' id='line_1_12' title="bbox 160 879 1043 932; baseline -0.002 -11"><span class='ocrx_word' id='word_1_73' title='bbox 160 893 330 932; x_wconf 69' lang='lat' dir='ltr'><strong><em>poena»</em></strong></span> <span class='ocrx_word' id='word_1_74' title='bbox 352 881 472 921; x_wconf 89' lang='lat' dir='ltr'><strong><em>bene</em></strong></span> <span class='ocrx_word' id='word_1_75' title='bbox 500 881 626 919; x_wconf 89' lang='lat' dir='ltr'><strong><em>inter</em></strong></span> <span class='ocrx_word' id='word_1_76' title='bbox 655 891 703 920; x_wconf 91' lang='lat' dir='ltr'><strong><em>se</em></strong></span> <span class='ocrx_word' id='word_1_77' title='bbox 732 879 1043 920; x_wconf 81' lang='lat' dir='ltr'><strong><em>cohaereant.</em></strong></span> 
     </span>
    </p>
   </div>
   <div class='ocr_carea' id='block_1_6' title="bbox 269 953 1526 1005">
    <p class='ocr_par' dir='ltr' id='par_1_6' title="bbox 269 953 1526 1005">
     <span class='ocr_line' id='line_1_13' title="bbox 269 953 1526 1005; baseline -0.002 -9"><span class='ocrx_word' id='word_1_78' title='bbox 269 955 382 996; x_wconf 90' lang='lat' dir='ltr'><strong><em>Nunc</em></strong></span> <span class='ocrx_word' id='word_1_79' title='bbox 409 953 750 1005; x_wconf 81' lang='lat' dir='ltr'><strong><em>transgrediamur</em></strong></span> <span class='ocrx_word' id='word_1_80' title='bbox 779 953 832 994; x_wconf 89' lang='lat' dir='ltr'><strong><em>ad</em></strong></span> <span class='ocrx_word' id='word_1_81' title='bbox 860 956 1248 995; x_wconf 87' lang='lat' dir='ltr'><strong><em>observationes</em></strong></span> <span class='ocrx_word' id='word_1_82' title='bbox 1277 955 1526 1005; x_wconf 82' lang='lat' dir='ltr'><strong><em>singulas:</em></strong></span> 
     </span>
    </p>
   </div>
   <div class='ocr_carea' id='block_1_7' title="bbox 162 1028 1606 1527">
    <p class='ocr_par' dir='ltr' id='par_1_7' title="bbox 162 1028 1606 1527">
     <span class='ocr_line' id='line_1_14' title="bbox 259 1028 1606 1082; baseline -0.001 -13"><span class='ocrx_word' id='word_1_83' title='bbox 259 1029 566 1082; x_wconf 83' lang='lat' dir='ltr'><strong><em>Saepissime</em></strong></span> <span class='ocrx_word' id='word_1_84' title='bbox 593 1029 862 1070; x_wconf 81' lang='lat' dir='ltr'><strong><em>invenimus</em></strong></span> <span class='ocrx_word' id='word_1_85' title='bbox 895 1028 1021 1082; x_wconf 90' lang='lat' dir='ltr'><strong><em>apud</em></strong></span> <span class='ocrx_word' id='word_1_86' title='bbox 1056 1029 1413 1081; x_wconf 84' lang='lat' dir='ltr'><strong><em>evangelistam</em></strong></span> <span class='ocrx_word' id='word_1_87' title='bbox 1449 1040 1606 1081; x_wconf 87' lang='lat' dir='ltr'><strong><em>pauca</em></strong></span> 
     </span>
     <span class='ocr_line' id='line_1_15' title="bbox 163 1094 1606 1134; baseline -0.001 -1"><span class='ocrx_word' id='word_1_88' title='bbox 163 1094 311 1133; x_wconf 89' lang='lat' dir='ltr'><strong><em>verba</em></strong></span> <span class='ocrx_word' id='word_1_89' title='bbox 338 1097 472 1133; x_wconf 89' lang='lat' dir='ltr'><strong><em>recta</em></strong></span> <span class='ocrx_word' id='word_1_90' title='bbox 499 1095 780 1134; x_wconf 83' lang='lat' dir='ltr'><strong><em>narrationi</em></strong></span> <span class='ocrx_word' id='word_1_91' title='bbox 807 1095 1096 1133; x_wconf 86' lang='lat' dir='ltr'><strong><em>intermixta.</em></strong></span> <span class='ocrx_word' id='word_1_92' title='bbox 1123 1094 1280 1133; x_wconf 91' lang='lat' dir='ltr'><strong><em>veluti</em></strong></span> <span class='ocrx_word' id='word_1_93' title='bbox 1310 1095 1413 1133; x_wconf 90' lang='lat' dir='ltr'><strong><em>sive</em></strong></span> <span class='ocrx_word' id='word_1_94' title='bbox 1441 1094 1606 1133; x_wconf 89' lang='lat' dir='ltr'><strong><em>iussus</em></strong></span> 
     </span>
     <span class='ocr_line' id='line_1_16' title="bbox 164 1157 1604 1210; baseline 0 -14"><span class='ocrx_word' id='word_1_95' title='bbox 164 1158 264 1197; x_wconf 90' lang='lat' dir='ltr'><strong><em>sive</em></strong></span> <span class='ocrx_word' id='word_1_96' title='bbox 285 1157 662 1198; x_wconf 87' lang='lat' dir='ltr'><strong><em>adhortationes</em></strong></span> <span class='ocrx_word' id='word_1_97' title='bbox 682 1158 787 1198; x_wconf 91' lang='lat' dir='ltr'><strong><em>sive</em></strong></span> <span class='ocrx_word' id='word_1_98' title='bbox 807 1170 981 1210; x_wconf 78' lang='lat' dir='ltr'><strong><em>preces</em></strong></span> <span class='ocrx_word' id='word_1_99' title='bbox 1000 1159 1105 1197; x_wconf 88' lang='lat' dir='ltr'><strong><em>sive</em></strong></span> <span class='ocrx_word' id='word_1_100' title='bbox 1122 1158 1457 1209; x_wconf 90' lang='lat' dir='ltr'><strong><em>quaestiones,</em></strong></span> <span class='ocrx_word' id='word_1_101' title='bbox 1486 1168 1604 1207; x_wconf 86' lang='lat' dir='ltr'><strong><em>quae</em></strong></span> 
     </span>
     <span class='ocr_line' id='line_1_17' title="bbox 162 1220 1605 1273; baseline 0 -13"><span class='ocrx_word' id='word_1_102' title='bbox 162 1220 402 1261; x_wconf 79' lang='lat' dir='ltr'><strong><em>Iuvencus</em></strong></span> <span class='ocrx_word' id='word_1_103' title='bbox 429 1221 713 1273; x_wconf 89' lang='lat' dir='ltr'><strong><em>plerumque</em></strong></span> <span class='ocrx_word' id='word_1_104' title='bbox 741 1224 868 1262; x_wconf 80' lang='lat' dir='ltr'><strong><em>facit</em></strong></span> <span class='ocrx_word' id='word_1_105' title='bbox 895 1224 1165 1272; x_wconf 84' lang='lat' dir='ltr'><strong><em>pendentia</em></strong></span> <span class='ocrx_word' id='word_1_106' title='bbox 1193 1234 1217 1260; x_wconf 87' lang='lat' dir='ltr'><strong><em>a</em></strong></span> <span class='ocrx_word' id='word_1_107' title='bbox 1244 1221 1407 1261; x_wconf 88' lang='lat' dir='ltr'><strong><em>verbis</em></strong></span> <span class='ocrx_word' id='word_1_108' title='bbox 1442 1220 1605 1260; x_wconf 87' lang='lat' dir='ltr'><strong><em>finitis</em></strong></span> 
     </span>
     <span class='ocr_line' id='line_1_18' title="bbox 162 1280 1603 1337; baseline 0.003 -17"><span class='ocrx_word' id='word_1_109' title='bbox 162 1280 324 1323; x_wconf 90' lang='lat' dir='ltr'><strong><em>iubendi</em></strong></span> <span class='ocrx_word' id='word_1_110' title='bbox 358 1284 422 1324; x_wconf 89' lang='lat' dir='ltr'><strong><em>vel</em></strong></span> <span class='ocrx_word' id='word_1_111' title='bbox 458 1283 696 1325; x_wconf 87' lang='lat' dir='ltr'><strong><em>adhortandi</em></strong></span> <span class='ocrx_word' id='word_1_112' title='bbox 731 1285 795 1324; x_wconf 90' lang='lat' dir='ltr'><strong><em>vel</em></strong></span> <span class='ocrx_word' id='word_1_113' title='bbox 827 1284 1019 1337; x_wconf 89' lang='lat' dir='ltr'><strong><em>precandi</em></strong></span> <span class='ocrx_word' id='word_1_114' title='bbox 1053 1285 1117 1325; x_wconf 91' lang='lat' dir='ltr'><strong><em>vel</em></strong></span> <span class='ocrx_word' id='word_1_115' title='bbox 1156 1283 1374 1335; x_wconf 89' lang='lat' dir='ltr'><strong><em>quaerendi</em></strong></span> <span class='ocrx_word' id='word_1_116' title='bbox 1410 1287 1455 1323; x_wconf 92' lang='lat' dir='ltr'><strong><em>et</em></strong></span> <span class='ocrx_word' id='word_1_117' title='bbox 1491 1296 1603 1325; x_wconf 89' lang='lat' dir='ltr'><strong><em>con-</em></strong></span> 
     </span>
     <span class='ocr_line' id='line_1_19' title="bbox 163 1349 1603 1399; baseline 0 -12"><span class='ocrx_word' id='word_1_118' title='bbox 163 1349 325 1399; x_wconf 84' lang='lat' dir='ltr'><strong><em>iungit</em></strong></span> <span class='ocrx_word' id='word_1_119' title='bbox 359 1351 440 1388; x_wconf 89' lang='lat' dir='ltr'><strong><em>aut</em></strong></span> <span class='ocrx_word' id='word_1_120' title='bbox 476 1360 577 1388; x_wconf 91' lang='lat' dir='ltr'><strong><em>cum</em></strong></span> <span class='ocrx_word' id='word_1_121' title='bbox 614 1351 908 1390; x_wconf 87' lang='lat' dir='ltr'><strong><em>accusativo</em></strong></span> <span class='ocrx_word' id='word_1_122' title='bbox 943 1361 1043 1389; x_wconf 86' lang='lat' dir='ltr'><strong><em>cum</em></strong></span> <span class='ocrx_word' id='word_1_123' title='bbox 1078 1351 1352 1389; x_wconf 27' lang='lat' dir='ltr'><strong><em>infinitivo*</em></strong></span> <span class='ocrx_word' id='word_1_124' title='bbox 1385 1351 1465 1388; x_wconf 87' lang='lat' dir='ltr'><strong><em>aut</em></strong></span> <span class='ocrx_word' id='word_1_125' title='bbox 1505 1360 1603 1388; x_wconf 91' lang='lat' dir='ltr'><strong><em>cum</em></strong></span> 
     </span>
     <span class='ocr_line' id='line_1_20' title="bbox 167 1414 1603 1454; baseline 0 -2"><span class='ocrx_word' id='word_1_126' title='bbox 167 1414 270 1452; x_wconf 81' lang='lat' dir='ltr'><strong><em>«ut»</em></strong></span> <span class='ocrx_word' id='word_1_127' title='bbox 315 1424 418 1452; x_wconf 90' lang='lat' dir='ltr'><strong><em>cum</em></strong></span> <span class='ocrx_word' id='word_1_128' title='bbox 459 1414 783 1454; x_wconf 86' lang='lat' dir='ltr'><strong><em>coniunctivo</em></strong></span> <span class='ocrx_word' id='word_1_129' title='bbox 829 1416 910 1451; x_wconf 88' lang='lat' dir='ltr'><strong><em>aut</em></strong></span> <span class='ocrx_word' id='word_1_130' title='bbox 951 1424 1057 1453; x_wconf 89' lang='lat' dir='ltr'><strong><em>cum</em></strong></span> <span class='ocrx_word' id='word_1_131' title='bbox 1106 1414 1430 1454; x_wconf 87' lang='lat' dir='ltr'><strong><em>coniunctivo</em></strong></span> <span class='ocrx_word' id='word_1_132' title='bbox 1477 1414 1603 1452; x_wconf 77' lang='lat' dir='ltr'><strong><em>solo.</em></strong></span> 
     </span>
     <span class='ocr_line' id='line_1_21' title="bbox 164 1477 1603 1527; baseline 0.001 -12"><span class='ocrx_word' id='word_1_133' title='bbox 164 1477 400 1517; x_wconf 79' lang='lat' dir='ltr'><strong><em>Iuvencus</em></strong></span> <span class='ocrx_word' id='word_1_134' title='bbox 429 1488 549 1527; x_wconf 82' lang='lat' dir='ltr'><strong><em>ergo</em></strong></span> <span class='ocrx_word' id='word_1_135' title='bbox 579 1478 861 1523; x_wconf 87' lang='lat' dir='ltr'><strong><em>orationem</em></strong></span> <span class='ocrx_word' id='word_1_136' title='bbox 891 1478 1077 1517; x_wconf 88' lang='lat' dir='ltr'><strong><em>rectam</em></strong></span> <span class='ocrx_word' id='word_1_137' title='bbox 1106 1478 1227 1517; x_wconf 82' lang='lat' dir='ltr'><strong><em>facit</em></strong></span> <span class='ocrx_word' id='word_1_138' title='bbox 1252 1477 1603 1517; x_wconf 82' lang='lat' dir='ltr'><strong><em>narrationem.</em></strong></span> 
     </span>
    </p>
   </div>
   <div class='ocr_carea' id='block_1_8' title="bbox 163 1549 1604 1720">
    <p class='ocr_par' dir='ltr' id='par_1_8' title="bbox 163 1549 1604 1720">
     <span class='ocr_line' id='line_1_22' title="bbox 268 1549 1603 1602; baseline -0.001 -13"><span class='ocrx_word' id='word_1_139' title='bbox 268 1550 437 1589; x_wconf 86' lang='lat' dir='ltr'><strong><em>Iussus</em></strong></span> <span class='ocrx_word' id='word_1_140' title='bbox 491 1550 567 1590; x_wconf 93' lang='lat' dir='ltr'><strong><em>vel</em></strong></span> <span class='ocrx_word' id='word_1_141' title='bbox 622 1549 992 1590; x_wconf 87' lang='lat' dir='ltr'><strong><em>adhortationes</em></strong></span> <span class='ocrx_word' id='word_1_142' title='bbox 1055 1549 1181 1602; x_wconf 92' lang='lat' dir='ltr'><strong><em>apud</em></strong></span> <span class='ocrx_word' id='word_1_143' title='bbox 1242 1549 1603 1601; x_wconf 85' lang='lat' dir='ltr'><strong><em>evangelistam</em></strong></span> 
     </span>
     <span class='ocr_line' id='line_1_23' title="bbox 163 1612 1604 1664; baseline 0.001 -13"><span class='ocrx_word' id='word_1_144' title='bbox 163 1612 327 1652; x_wconf 88' lang='lat' dir='ltr'><strong><em>verbis</em></strong></span> <span class='ocrx_word' id='word_1_145' title='bbox 355 1613 506 1652; x_wconf 90' lang='lat' dir='ltr'><strong><em>rectis</em></strong></span> <span class='ocrx_word' id='word_1_146' title='bbox 534 1612 706 1652; x_wconf 90' lang='lat' dir='ltr'><strong><em>traditi</em></strong></span> <span class='ocrx_word' id='word_1_147' title='bbox 732 1612 944 1664; x_wconf 90' lang='lat' dir='ltr'><strong><em>pendent</em></strong></span> <span class='ocrx_word' id='word_1_148' title='bbox 970 1612 1095 1664; x_wconf 88' lang='lat' dir='ltr'><strong><em>apud</em></strong></span> <span class='ocrx_word' id='word_1_149' title='bbox 1120 1613 1380 1653; x_wconf 91' lang='lat' dir='ltr'><strong><em>Iuvencum</em></strong></span> <span class='ocrx_word' id='word_1_150' title='bbox 1408 1625 1433 1652; x_wconf 86' lang='lat' dir='ltr'><strong><em>a</em></strong></span> <span class='ocrx_word' id='word_1_151' title='bbox 1458 1613 1604 1652; x_wconf 90' lang='lat' dir='ltr'><strong><em>verbo</em></strong></span> 
     </span>
     <span class='ocr_line' id='line_1_24' title="bbox 164 1674 983 1720; baseline 0.002 -6"><span class='ocrx_word' id='word_1_152' title='bbox 164 1674 309 1715; x_wconf 89' lang='lat' dir='ltr'><strong><em>finito</em></strong></span> <span class='ocrx_word' id='word_1_153' title='bbox 337 1674 535 1720; x_wconf 87' lang='lat' dir='ltr'><strong><em>iubendi</em></strong></span> <span class='ocrx_word' id='word_1_154' title='bbox 563 1676 638 1716; x_wconf 90' lang='lat' dir='ltr'><strong><em>vel</em></strong></span> <span class='ocrx_word' id='word_1_155' title='bbox 667 1674 983 1716; x_wconf 89' lang='lat' dir='ltr'><strong><em>adhortandi:</em></strong></span> 
     </span>
    </p>
   </div>
   <div class='ocr_carea' id='block_1_9' title="bbox 164 1748 1604 2128">
    <p class='ocr_par' dir='ltr' id='par_1_9' title="bbox 164 1748 1604 1991">
     <span class='ocr_line' id='line_1_25' title="bbox 270 1748 1600 1800; baseline 0 -12"><span class='ocrx_word' id='word_1_156' title='bbox 270 1748 384 1795; x_wconf 84' lang='lat' dir='ltr'><strong><em>Quod</em></strong></span> <span class='ocrx_word' id='word_1_157' title='bbox 412 1749 594 1789; x_wconf 87' lang='lat' dir='ltr'><strong><em>Herodes</em></strong></span> <span class='ocrx_word' id='word_1_158' title='bbox 622 1750 752 1800; x_wconf 85' lang='lat' dir='ltr'><strong><em>Magis</em></strong></span> <span class='ocrx_word' id='word_1_159' title='bbox 779 1750 1062 1800; x_wconf 87' lang='lat' dir='ltr'><strong><em>quaerentibus</em></strong></span> <span class='ocrx_word' id='word_1_160' title='bbox 1091 1752 1268 1790; x_wconf 90' lang='lat' dir='ltr'><strong><em>oratione</em></strong></span> <span class='ocrx_word' id='word_1_161' title='bbox 1297 1752 1408 1789; x_wconf 81' lang='lat' dir='ltr'><strong><em>recta</em></strong></span> <span class='ocrx_word' id='word_1_162' title='bbox 1436 1749 1600 1789; x_wconf 90' lang='lat' dir='ltr'><strong><em>mandat</em></strong></span> 
     </span>
     <span class='ocr_line' id='line_1_26' title="bbox 167 1810 1602 1865; baseline 0 -12"><span class='ocrx_word' id='word_1_163' title='bbox 167 1810 263 1857; x_wconf 75' lang='lat' dir='ltr'><strong><em>«Ite</em></strong></span> <span class='ocrx_word' id='word_1_164' title='bbox 297 1814 337 1852; x_wconf 89' lang='lat' dir='ltr'><strong><em>et</em></strong></span> <span class='ocrx_word' id='word_1_165' title='bbox 368 1811 617 1865; x_wconf 67' lang='lat' dir='ltr'><strong><em>interroqate</em></strong></span> <span class='ocrx_word' id='word_1_166' title='bbox 651 1812 868 1865; x_wconf 62' lang='lat' dir='ltr'><strong><em>diligenter</em></strong></span> <span class='ocrx_word' id='word_1_167' title='bbox 902 1812 950 1853; x_wconf 89' lang='lat' dir='ltr'><strong><em>de</em></strong></span> <span class='ocrx_word' id='word_1_168' title='bbox 975 1826 1115 1864; x_wconf 77' lang='lat' dir='ltr'><strong><em>puer0‚</em></strong></span> <span class='ocrx_word' id='word_1_169' title='bbox 1152 1816 1191 1853; x_wconf 90' lang='lat' dir='ltr'><strong><em>et</em></strong></span> <span class='ocrx_word' id='word_1_170' title='bbox 1224 1826 1315 1855; x_wconf 86' lang='lat' dir='ltr'><strong><em>cum</em></strong></span> <span class='ocrx_word' id='word_1_171' title='bbox 1347 1812 1602 1865; x_wconf 72' lang='lat' dir='ltr'><strong><em>inveneritis,</em></strong></span> 
     </span>
     <span class='ocr_line' id='line_1_27' title="bbox 164 1874 1604 1928; baseline 0.001 -14"><span class='ocrx_word' id='word_1_172' title='bbox 164 1874 402 1915; x_wconf 84' lang='lat' dir='ltr'><strong><em>renuntiate</em></strong></span> <span class='ocrx_word' id='word_1_173' title='bbox 433 1875 549 1925; x_wconf 80' lang='lat' dir='ltr'><strong><em>mihi,</em></strong></span> <span class='ocrx_word' id='word_1_174' title='bbox 586 1878 634 1916; x_wconf 85' lang='lat' dir='ltr'><strong><em>ut</em></strong></span> <span class='ocrx_word' id='word_1_175' title='bbox 666 1889 734 1928; x_wconf 73' lang='lat' dir='ltr'><strong><em>eqo</em></strong></span> <span class='ocrx_word' id='word_1_176' title='bbox 767 1875 934 1917; x_wconf 85' lang='lat' dir='ltr'><strong><em>veniens</em></strong></span> <span class='ocrx_word' id='word_1_177' title='bbox 967 1876 1127 1917; x_wconf 88' lang='lat' dir='ltr'><strong><em>adorem</em></strong></span> <span class='ocrx_word' id='word_1_178' title='bbox 1161 1890 1279 1917; x_wconf 73' lang='lat' dir='ltr'><strong><em>eum»</em></strong></span> <span class='ocrx_word' id='word_1_179' title='bbox 1319 1876 1450 1916; x_wconf 89' lang='lat' dir='ltr'><strong><em>reddit</em></strong></span> <span class='ocrx_word' id='word_1_180' title='bbox 1483 1881 1604 1928; x_wconf 88' lang='lat' dir='ltr'><strong><em>poeta</em></strong></span> 
     </span>
     <span class='ocr_line' id='line_1_28' title="bbox 165 1937 379 1991; baseline 0.014 -15"><span class='ocrx_word' id='word_1_181' title='bbox 165 1938 184 1976; x_wconf 89' lang='lat' dir='ltr'>I</span> <span class='ocrx_word' id='word_1_182' title='bbox 212 1937 379 1991; x_wconf 79' lang='lat' dir='ltr'>24ls42:</span> 
     </span>
    </p>

    <p class='ocr_par' dir='ltr' id='par_1_10' title="bbox 274 2013 1485 2065">
     <span class='ocr_line' id='line_1_29' title="bbox 274 2013 1485 2065; baseline 0.002 -13"><span class='ocrx_word' id='word_1_183' title='bbox 274 2013 420 2054; x_wconf 85' lang='lat' dir='ltr'><strong><em>«Hinc</em></strong></span> <span class='ocrx_word' id='word_1_184' title='bbox 446 2013 583 2053; x_wconf 82' lang='lat' dir='ltr'><strong><em>iubet</em></strong></span> <span class='ocrx_word' id='word_1_185' title='bbox 609 2013 791 2054; x_wconf 88' lang='lat' dir='ltr'><strong><em>Herodes</em></strong></span> <span class='ocrx_word' id='word_1_186' title='bbox 816 2013 968 2055; x_wconf 79' lang='lat' dir='ltr'><strong><em>Persas</em></strong></span> <span class='ocrx_word' id='word_1_187' title='bbox 989 2014 1278 2065; x_wconf 80' lang='lat' dir='ltr'><strong><em>pertendere</em></strong></span> <span class='ocrx_word' id='word_1_188' title='bbox 1301 2026 1485 2065; x_wconf 77' lang='lat' dir='ltr'><strong><em>yressum</em></strong></span> 
     </span>
    </p>

    <p class='ocr_par' dir='ltr' id='par_1_11' title="bbox 304 2075 1296 2128">
     <span class='ocr_line' id='line_1_30' title="bbox 304 2075 1296 2128; baseline 0.003 -13"><span class='ocrx_word' id='word_1_189' title='bbox 304 2075 603 2128; x_wconf 78' lang='lat' dir='ltr'><strong><em>Inventumque</em></strong></span> <span class='ocrx_word' id='word_1_190' title='bbox 630 2075 709 2116; x_wconf 84' lang='lat' dir='ltr'><strong><em>sibi</em></strong></span> <span class='ocrx_word' id='word_1_191' title='bbox 736 2079 1018 2118; x_wconf 86' lang='lat' dir='ltr'><strong><em>monstrare</em></strong></span> <span class='ocrx_word' id='word_1_192' title='bbox 1044 2077 1296 2118; x_wconf 75' lang='lat' dir='ltr'><strong><em>colendum».</em></strong></span> 
     </span>
    </p>
   </div>
   <div class='ocr_carea' id='block_1_10' title="bbox 165 2148 1604 2267">
    <p class='ocr_par' dir='ltr' id='par_1_12' title="bbox 165 2148 1604 2267">
     <span class='ocr_line' id='line_1_31' title="bbox 271 2148 1604 2203; baseline 0.001 -14"><span class='ocrx_word' id='word_1_193' title='bbox 271 2148 422 2195; x_wconf 85' lang='lat' dir='ltr'><strong><em>Quibus</em></strong></span> <span class='ocrx_word' id='word_1_194' title='bbox 450 2151 582 2190; x_wconf 90' lang='lat' dir='ltr'><strong><em>verbis</em></strong></span> <span class='ocrx_word' id='word_1_195' title='bbox 611 2150 791 2190; x_wconf 83' lang='lat' dir='ltr'><strong><em>Christus</em></strong></span> <span class='ocrx_word' id='word_1_196' title='bbox 818 2153 1105 2202; x_wconf 88' lang='lat' dir='ltr'><strong><em>poenitentiam</em></strong></span> <span class='ocrx_word' id='word_1_197' title='bbox 1139 2151 1359 2203; x_wconf 83' lang='lat' dir='ltr'><strong><em>praedicat,</em></strong></span> <span class='ocrx_word' id='word_1_198' title='bbox 1395 2164 1444 2191; x_wconf 88' lang='lat' dir='ltr'><strong><em>ea</em></strong></span> <span class='ocrx_word' id='word_1_199' title='bbox 1480 2151 1604 2191; x_wconf 89' lang='lat' dir='ltr'><strong><em>tradit</em></strong></span> 
     </span>
     <span class='ocr_line' id='line_1_32' title="bbox 165 2210 1603 2267; baseline 0.002 -17"><span class='ocrx_word' id='word_1_200' title='bbox 165 2210 392 2252; x_wconf 85' lang='lat' dir='ltr'><strong><em>Matthaeus</em></strong></span> <span class='ocrx_word' id='word_1_201' title='bbox 427 2215 606 2254; x_wconf 88' lang='lat' dir='ltr'><strong><em>oratione</em></strong></span> <span class='ocrx_word' id='word_1_202' title='bbox 635 2217 745 2253; x_wconf 88' lang='lat' dir='ltr'><strong><em>recta</em></strong></span> <span class='ocrx_word' id='word_1_203' title='bbox 772 2214 828 2254; x_wconf 94' lang='lat' dir='ltr'><strong><em>IV</em></strong></span> <span class='ocrx_word' id='word_1_204' title='bbox 860 2214 926 2254; x_wconf 88' lang='lat'><strong><em>17:</em></strong></span> <span class='ocrx_word' id='word_1_205' title='bbox 966 2214 1297 2256; x_wconf 79' lang='lat' dir='ltr'><strong><em>«Poenitentiam</em></strong></span> <span class='ocrx_word' id='word_1_206' title='bbox 1325 2214 1431 2267; x_wconf 74' lang='lat' dir='ltr'><strong><em>aqite</em></strong></span> <span class='ocrx_word' id='word_1_207' title='bbox 1459 2244 1468 2253; x_wconf 91' lang='lat'><strong>.</strong></span> <span class='ocrx_word' id='word_1_208' title='bbox 1491 2246 1498 2253; x_wconf 91' lang='lat'>.</span> <span class='ocrx_word' id='word_1_209' title='bbox 1521 2244 1530 2253; x_wconf 94' lang='lat'>.</span> <span class='ocrx_word' id='word_1_210' title='bbox 1552 2230 1603 2265; x_wconf 88' lang='lat'><strong><em>.»‚</em></strong></span> 
     </span>
    </p>
   </div>
   <div class='ocr_carea' id='block_1_11' title="bbox 166 2276 1599 2393">
    <p class='ocr_par' dir='ltr' id='par_1_13' title="bbox 166 2276 1599 2393">
     <span class='ocr_line' id='line_1_33' title="bbox 166 2276 1599 2328; baseline 0 -14"><span class='ocrx_word' id='word_1_211' title='bbox 166 2286 253 2314; x_wconf 88' lang='lat' dir='ltr'><strong><em>cum</em></strong></span> <span class='ocrx_word' id='word_1_212' title='bbox 279 2276 477 2316; x_wconf 83' lang='lat' dir='ltr'><strong><em>Iuvencus</em></strong></span> <span class='ocrx_word' id='word_1_213' title='bbox 505 2290 554 2317; x_wconf 86' lang='lat' dir='ltr'><strong><em>ea</em></strong></span> <span class='ocrx_word' id='word_1_214' title='bbox 581 2276 798 2328; x_wconf 85' lang='lat' dir='ltr'><strong><em>pendentia</em></strong></span> <span class='ocrx_word' id='word_1_215' title='bbox 825 2277 979 2318; x_wconf 88' lang='lat' dir='ltr'><strong><em>faciens</em></strong></span> <span class='ocrx_word' id='word_1_216' title='bbox 1015 2278 1066 2318; x_wconf 91' lang='lat' dir='ltr'><strong><em>de</em></strong></span> <span class='ocrx_word' id='word_1_217' title='bbox 1101 2278 1296 2318; x_wconf 90' lang='lat' dir='ltr'><strong><em>vocabulo</em></strong></span> <span class='ocrx_word' id='word_1_218' title='bbox 1327 2278 1599 2318; x_wconf 79' lang='lat' dir='ltr'><strong><em>«nuntiat»</em></strong></span> 
     </span>
     <span class='ocr_line' id='line_1_34' title="bbox 166 2336 516 2393; baseline 0.011 -17"><span class='ocrx_word' id='word_1_219' title='bbox 166 2336 274 2377; x_wconf 92' lang='lat' dir='ltr'><strong><em>dicat</em></strong></span> <span class='ocrx_word' id='word_1_220' title='bbox 300 2338 320 2377; x_wconf 94' lang='lat' dir='ltr'>I</span> <span class='ocrx_word' id='word_1_221' title='bbox 348 2339 516 2393; x_wconf 76' lang='lat' dir='ltr'>419s20:</span> 
     </span>
    </p>
   </div>
   <div class='ocr_carea' id='block_1_12' title="bbox 319 2413 1460 2532">
    <p class='ocr_par' dir='ltr' id='par_1_14' title="bbox 319 2413 1460 2532">
     <span class='ocr_line' id='line_1_35' title="bbox 319 2413 1431 2467; baseline 0 -13"><span class='ocrx_word' id='word_1_222' title='bbox 319 2413 460 2467; x_wconf 76' lang='lat' dir='ltr'><strong><em>«Erqo</em></strong></span> <span class='ocrx_word' id='word_1_223' title='bbox 487 2414 685 2455; x_wconf 80' lang='lat' dir='ltr'><strong><em>instare</em></strong></span> <span class='ocrx_word' id='word_1_224' title='bbox 713 2414 776 2454; x_wconf 86' lang='lat' dir='ltr'><strong><em>dei</em></strong></span> <span class='ocrx_word' id='word_1_225' title='bbox 802 2414 1017 2467; x_wconf 73' lang='lat' dir='ltr'><strong><em>reqnantis</em></strong></span> <span class='ocrx_word' id='word_1_226' title='bbox 1043 2427 1217 2455; x_wconf 88' lang='lat' dir='ltr'><strong><em>munera</em></strong></span> <span class='ocrx_word' id='word_1_227' title='bbox 1246 2413 1431 2455; x_wconf 78' lang='lat' dir='ltr'><strong><em>Christus</em></strong></span> 
     </span>
     <span class='ocr_line' id='line_1_36' title="bbox 349 2477 1460 2532; baseline 0.002 -14"><span class='ocrx_word' id='word_1_228' title='bbox 349 2477 570 2520; x_wconf 75' lang='lat' dir='ltr'><strong><em>Nuntiat</em></strong></span> <span class='ocrx_word' id='word_1_229' title='bbox 595 2478 848 2529; x_wconf 77' lang='lat' dir='ltr'><strong><em>increpitans</em></strong></span> <span class='ocrx_word' id='word_1_230' title='bbox 868 2479 1091 2530; x_wconf 78' lang='lat' dir='ltr'><strong><em>praeconia</em></strong></span> <span class='ocrx_word' id='word_1_231' title='bbox 1121 2479 1239 2532; x_wconf 72' lang='lat' dir='ltr'><strong><em>larqa</em></strong></span> <span class='ocrx_word' id='word_1_232' title='bbox 1265 2479 1460 2520; x_wconf 79' lang='lat' dir='ltr'><strong><em>salutis».</em></strong></span> 
     </span>
    </p>
   </div>
   <div class='ocr_carea' id='block_1_13' title="bbox 167 2582 411 2590">
    <p class='ocr_par' dir='ltr' id='par_1_15' title="bbox 167 2582 411 2590">
     <span class='ocr_line' id='line_1_37' title="bbox 167 2582 411 2590; baseline 0 314"><span class='ocrx_word' id='word_1_233' title='bbox 167 2582 411 2590; x_wconf 95' lang='lat' dir='ltr'><strong><em> </em></strong></span> 
     </span>
    </p>
   </div>
   <div class='ocr_carea' id='block_1_14' title="bbox 272 2642 1353 2735">
    <p class='ocr_par' dir='ltr' id='par_1_16' title="bbox 272 2642 1353 2735">
     <span class='ocr_line' id='line_1_38' title="bbox 272 2642 605 2689; baseline -0.009 -5"><span class='ocrx_word' id='word_1_234' title='bbox 272 2642 297 2684; x_wconf 88' lang='lat'><strong><em>¹)</em></strong></span> <span class='ocrx_word' id='word_1_235' title='bbox 320 2644 341 2676; x_wconf 88' lang='lat'><strong><em>1.</em></strong></span> <span class='ocrx_word' id='word_1_236' title='bbox 366 2656 394 2678; x_wconf 79' lang='lat' dir='ltr'><strong><em>c.</em></strong></span> <span class='ocrx_word' id='word_1_237' title='bbox 417 2647 475 2688; x_wconf 82' lang='grc' dir='ltr'>ΙΙΙ,</span> <span class='ocrx_word' id='word_1_238' title='bbox 497 2658 531 2689; x_wconf 87' lang='lat' dir='ltr'><strong><em>p.</em></strong></span> <span class='ocrx_word' id='word_1_239' title='bbox 554 2650 605 2683; x_wconf 82' lang='lat'><strong><em>73.</em></strong></span> 
     </span>
     <span class='ocr_line' id='line_1_39' title="bbox 1310 2702 1353 2735; baseline 0 -11"><span class='ocrx_word' id='word_1_240' title='bbox 1310 2702 1353 2735; x_wconf 75' lang='lat'><strong><em>4*</em></strong></span> 
     </span>
    </p>
   </div>
  </div>
 </body>
</html>
