1800 2904
849 146 900 186 52

261 252 415 291 Mariae
443 251 567 291 verba
596 251 648 290 ad
676 252 877 291 ministros
896 251 979 291 Ioh.
1001 250 1042 289 II
1061 251 1084 289 5
1116 266 1132 286 «
1147 250 1429 302 Quodcumque
1447 250 1601 290 dixerit

154 314 275 363 vobis,
304 314 489 366 facite»
512 313 654 353 reddit
682 316 877 354 Iuvencus
905 314 946 353 11
978 315 1069 353 139·

348 404 364 424 <<
412 418 421 427 .
452 419 461 427 .
491 419 500 429 .
531 387 795 428 ministros
1154 415 1156 418 ι

370 452 508 493 Mater
536 455 575 492 et
600 452 782 504 imperiis
808 451 902 492 nati
924 464 1104 503 parere
1130 423 1375 492 iubebat».

262 526 415 567 Eodem
458 527 576 568 modo
619 526 752 567 reddit
792 527 989 567 Iuvencus
1030 525 1177 567 Christi
1218 526 1342 566 verba
1388 529 1500 566 recta
1545 525 1597 565 ad

154 590 316 629 eosdem
346 591 548 630 ministros
578 589 661 629 Ioh.
682 591 721 629 II
749 590 793 629 8:
826 589 909 629 «H
912 589 1080 630 aurite
1106 602 1218 630 nunc
1246 592 1285 629 et
1309 589 1437 641 ferte
1465 587 1597 629 archi-

158 653 367 694 triclinio»
400 666 449 694 ea
478 653 632 694 faciens
661 653 931 705 dependentia
959 654 1000 693 II
1030 654 1124 695 145:

229 727 375 767 «Hinc
402 727 558 778 iubet,
587 730 643 767 ut
668 739 821 767 summo
851 727 1058 767 tradant
1080 726 1289 779 qustanda
1315 725 1546 766 ministro».

262 800 378 848 Quod
393 800 574 840 Christus
588 800 686 841 dicit
700 800 754 842 ad
769 788 984 852 discipulos
993 802 1126 841 verbis
1135 801 1255 841 rectis
1263 800 1377 840 Mtth.
1386 800 1520 840 XXVI
1530 800 1597 839 36:

153 864 185 904 S
193 877 212 903 e
222 864 249 903 d
258 867 329 904 ete
357 864 434 914 hic,
466 864 588 904 donec
615 864 763 904 vadam
789 864 877 904 illic
903 866 943 904 e't
959 877 1066 904 orem
1077 880 1111 914 ›>,
1139 865 1422 916 interpretatur
1440 864 1522 903 Iuv.
1543 863 1598 902 IV

154 928 228 968 481
242 944 251 969 ε
284 944 301 964 «
314 928 447 979 Atque
474 927 564 969 illic
591 927 768 980 reliquos
794 927 952 969 iussit
976 928 1192 968 residere
1218 927 1474 969 ministros
1485 943 1518 968 ».

257 1002 435 1041 Eodem
456 1002 594 1041 modo
616 1004 854 1041 Iuvencus
874 1002 1050 1041 breves
1069 1014 1239 1053 preces
1253 1005 1418 1041 rectas
1432 1001 1598 1040 reddit

150 1064 426 1116 pendentes
469 1065 663 1105 faciens
706 1077 730 1104 a
770 1065 915 1105 verbo
957 1064 1108 1105 finito.
1173 1066 1309 1104 Pauca
1350 1064 1534 1116 exempla
1576 1076 1597 1103 e

154 1141 299 1178 magno
327 1140 492 1168 numero
521 1128 739 1168 suffic-iant:

259 1202 378 1254 Apud
415 1202 498 1242 Ioh.
534 1202 589 1242 IV.
626 1203 671 1241 31
710 1206 851 1254 petunt
888 1201 1073 1253 discipuli
1108 1214 1132 1241 a
1168 1202 1259 1242 Iesu
1295 1201 1428 1241 verbis
1463 1202 1601 1241 rectis:

163 1264 331 1305 «Rabbi
357 1265 598 1306 manduca
613 1281 645 1316 »‚
675 1264 780 1315 quod
810 1265 1005 1305 Iuvencus
1025 1266 1064 1305 II
1084 1265 1161 1304 302
1187 1264 1337 1304 reddit:
1370 1263 1602 1315 «Discipuli

159 1329 319 1369 interea
346 1328 641 1380 royitabant
667 1331 877 1369 sumeret
894 1341 1044 1369 escas».
1066 1352 1116 1357 —
1136 1329 1313 1368 Mulieris
1333 1327 1601 1368 chananaeae

156 1404 297 1445 preces
325 1393 438 1432 Mtth.
468 1393 543 1432 XV
573 1392 641 1432 22:
671 1392 910 1433 Miserere
937 1392 1027 1433 mei
1055 1392 1224 1433 domine·
1240 1391 1304 1442 fili
1330 1391 1482 1444 David,
1510 1391 1601 1441 filia

154 1468 243 1496 mea
272 1468 298 1495 a
326 1455 535 1496 daemonio
561 1456 668 1496 male
696 1459 916 1507 vexatur»,
946 1456 1121 1508 explicat
1141 1456 1339 1495 Iuvencus
1356 1455 1600 1495 narrando

155 1519 215 1559 III
247 1518 411 1572 179s80:

392 1624 399 1631 .
432 1623 439 1631 .
469 1605 564 1634 non
593 1594 791 1634 desinit
817 1594 948 1634 anxia
978 1593 1184 1634 Christum

315 1657 489 1707 Orare,
521 1660 577 1697 ut
603 1660 990 1698 mentem-vematam
1018 1657 1209 1713 daemone
1235 1669 1351 1698 saevo

307 1720 555 1761 Red-deret
581 1723 619 1761 et
644 1721 816 1761 miserae
846 1721 1008 1761 tandem
1034 1720 1255 1771 resipere
1285 1720 1489 1760 liceret.»

153 1793 305 1834 Eodem
335 1794 453 1834 modo
473 1794 619 1846 reddit,
650 1794 756 1845 quod
784 1796 961 1846 virgines
980 1793 1149 1835 stolidae
1169 1794 1308 1834 verbis
1321 1795 1441 1834 rectis
1459 1797 1599 1846 petunt

153 1870 177 1896 a
208 1857 470 1909 prudentibus
485 1858 607 1910 ‘apud
641 1857 756 1897 Mtth.
795 1873 812 1893 «
824 1857 955 1898 Date
988 1857 1105 1898 nobis
1141 1857 1188 1898 de
1220 1858 1302 1898 oleo
1331 1859 1503 1908 vestro»,
1535 1857 1599 1897 Iu-

147 1934 297 1962 vencus
332 1922 388 1962 IV
424 1921 501 1961 212
537 1940 585 1955 =
621 1921 734 1961 Mtth.
765 1921 886 1976 ‘XXV
920 1921 945 1962 8
989 1937 1006 1958 «
1022 1921 1127 1962 Tum
1166 1920 1336 1962 stolidae
1367 1920 1594 1973 roqitant

149 1985 227 2025 olei
243 1984 323 2025 sibi
337 1985 499 2026 cedere
507 1987 705 2036 partem».
724 2006 776 2013 —
790 1984 1097 2035 Earundemque
1112 1996 1253 2036 preces
1266 1983 1379 2025 Mtth.
1393 1984 1510 2040 XXV
1525 1984 1567 2023 11
1581 1999 1590 2024 :

150 2048 357 2098 «domine,
402 2048 559 2089 domine
601 2049 739 2099 aperi
778 2048 921 2088 nobis»
967 2051 1251 2099 interpretatur
1292 2046 1432 2087 eodem
1473 2046 1590 2087 modo

147 2111 203 2151 IV
233 2111 330 2151 223:
391 2127 423 2149 «.
535 2111 883 2163 ,precibusque
909 2111 1080 2164 inqrata
1106 2111 1473 2163 frequentant,

419 2177 473 2215 ut
495 2142 655 2215 ‘liceat
681 2175 839 2222 miseris
860 2177 1132 2226 penetrare
1159 2174 1208 2214 in
1238 2173 1383 2214 limina
1413 2175 1562 2214 laeta».

254 2253 583 2302 Quaestiones
625 2255 872 2306 evangelii
919 2259 1079 2295 rectas
1131 2254 1312 2294 subicit
1359 2254 1592 2294 Iuvencus

147 2318 298 2357 verbo
327 2318 489 2359 finito:

257 2391 375 2443 Apud
403 2392 517 2432 Mtth.
549 2392 588 2431 II
618 2392 641 2431 2
670 2393 923 2443 <interrogant
959 2393 1065 2442 magi
1099 2391 1277 2432 oratione
1306 2360 1481 2436 recta.<
1478 2389 1592 2431 <Ubi

147 2457 221 2495 est
254 2454 329 2505 qui
360 2458 488 2496 natus
520 2458 580 2496 est
610 2469 685 2495 rex
720 2454 999 2496 Iudaeorum?
1013 2471 1045 2507 »‚
1088 2454 1193 2505 quod
1230 2455 1427 2494 Iuvencus
1461 2454 1592 2494 reddit

146 2518 165 2556 Ῑ
195 2518 290 2558 228²
398 2545 431 2567 «.
463 2560 470 2567 .
502 2560 510 2567 .
542 2560 550 2568 .
580 2532 825 2580 orantque
853 2529 1013 2569 doceri

418 2592 550 2640 Quae
577 2592 714 2644 reyio
741 2592 909 2642 imperio
931 2605 1108 2642 puerum
1137 2590 1299 2631 Iudaea·
1328 2593 1558 2632 teneret».
