1800 2904
648 403 861 460 Index
899 406 1139 475 operis.

206 600 231 633 Ι.
256 598 345 638 Quo
369 601 493 632 textu
516 599 731 632 Iuvencus
753 609 855 632 usus
879 600 934 632 sit
957 599 1154 641 disputatur
1176 623 1446 631 ......

190 665 231 697 ΙΙ.
254 664 313 696 De
336 663 526 695 Iuvenco
551 663 751 696 carminis
775 663 1020 705 evangelici
1041 666 1172 705 poeta
1221 687 1442 695 .....

266 719 296 750 1.
320 716 357 747 In
382 714 582 748 universum
606 715 731 748 dicitur
753 716 796 749 de
819 716 962 749 Iuvenci
983 716 1113 749 virtute
1135 716 1276 757 poetica
1332 740 1338 746 .
1383 740 1389 745 .
1437 739 1443 745 .

262 772 292 804 2.
316 767 459 809 Singula
482 791 1441 801 ...................

320 822 353 861 a)
376 822 451 853 Iuv.
476 821 634 854 adhibuit
656 822 808 854 Marcum
853 844 1444 854 ............

314 873 350 915 b)
397 889 408 899 =
486 891 489 895 ·
541 890 552 900 =
650 876 779 908 Lucam
802 874 1059 917 Iohannemque
1118 897 1443 907 .......

316 928 348 967 c)
370 926 583 960 Adhibuitne
609 928 851 961 «harmoniam
874 928 1180 970 evanqeliorum»?
1222 952 1228 959 .

319 978 354 1020 (1)
379 979 559 1018 Quomodo
583 980 739 1022 singulae
756 981 1052 1023 evangelistarum
1069 981 1286 1013 narrationes
1301 989 1444 1021 respon·

374 1032 480 1066 deant
500 1034 662 1067 versibus
677 1034 829 1076 Iuvenci,
851 1044 938 1076 quos
954 1044 1079 1067 versus
1102 1034 1257 1067 omiserit
1271 1034 1443 1066 Iuvencus

321 1086 352 1125 e)
375 1086 429 1118 De
452 1086 713 1127 mutationibus,
737 1096 823 1128 quas
846 1087 921 1119 IuV.
945 1086 1028 1119 fecit
1063 1110 1442 1118 ........

376 1140 412 1179 α)
436 1138 479 1172 dc
500 1139 865 1180 praetermissionibus
905 1163 1440 1172 ...........

376 1192 408 1232 β)
431 1190 474 1224 de
498 1191 773 1225 detractionibus
798 1216 1439 1225 .............

374 1245 406 1285 γ)
431 1244 473 1276 de
498 1245 744 1278 additamentis
796 1269 1439 1277 .............

375 1298 408 1338 δ)
431 1297 475 1330 de
498 1297 825 1339 amplificationibus
848 1321 1441 1331 ............

378 1351 406 1392 ε)
431 1350 474 1383 de
497 1352 826 1393 transpositionibus
844 1374 1439 1385 ............

381 1405 411 1446 ζ)
435 1403 702 1438 observationes
725 1405 882 1447 singulae
900 1428 1439 1437 ...........

177 1467 235 1500 ΙΙΙ.
256 1467 317 1500 De
340 1468 529 1501 Iuvenco
551 1469 719 1511 Vergili
740 1469 965 1502 imitatore
1004 1492 1435 1501 .........

268 1523 297 1559 1)
324 1519 411 1559 Quid
432 1522 605 1554 Iuvencus
627 1522 780 1555 voluerit
803 1532 942 1555 carmen
966 1522 1205 1564 evangelicum
1230 1531 1439 1562 componens

268 1575 300 1614 2)
324 1572 467 1615 Singula
530 1599 1440 1608 ..................

316 1628 348 1667 a)
372 1628 447 1659 IuV.
472 1628 575 1660 sumit
600 1638 618 1661 e
641 1629 796 1671 Vergilio
820 1629 1075 1662 enuntiationes
1117 1652 1438 1661 .......

320 1679 356 1720 b)
408 1695 420 1706 =
476 1686 622 1714 exornat
645 1682 822 1715 orationes
843 1682 1130 1723 narrationesque
1147 1680 1440 1714 enuntiationibus

375 1733 770 1776 amplificationibusque
792 1735 1018 1777 Vergilianis.
1058 1766 1063 1771 ,
1063 1758 1439 1767 ........

322 1787 354 1826 c)
377 1786 451 1818 IuV.
475 1787 561 1819 tacit
584 1787 857 1820 additamentum
881 1790 1020 1820 secutus
1041 1787 1229 1828 Vergilium
1271 1812 1276 1817 .
1323 1811 1330 1818 .
1378 1811 1385 1818 .
1432 1811 1438 1818 .

317 1838 352 1879 d)
375 1839 517 1872 Iuvenci
553 1850 718 1873 versuum
752 1840 850 1873 initia
886 1843 921 1873 et
964 1840 1076 1873 exitus
1112 1840 1237 1881 aliique
1275 1849 1438 1872 versuum

374 1892 482 1933 pedes
507 1897 702 1936 congruunt
726 1904 802 1927 cum
823 1893 978 1935 Vergilio
1006 1917 1437 1926 .........

321 1946 353 1985 e)
376 1946 449 1978 Iuv.
474 1947 630 1988 sequitur
652 1947 841 1990 Vergilium
864 1946 898 1979 in
922 1947 1083 1979 carminis
1106 1947 1331 1980 exornatione
1379 1970 1385 1976 .

376 2003 412 2041 α)
433 1999 467 2032 in
490 2000 678 2034 verborum
702 2001 962 2034 continuatione
1007 2025 1438 2033 .........

373 2054 406 2095 β)
443 2069 454 2079 =
578 2069 590 2080 ε
698 2054 927 2087 collocatione
952 2078 1438 2086 ..........

373 2106 406 2147 y)
442 2121 453 2131 =
488 2106 719 2140 alliteratione
741 2132 1438 2140 ..............

317 2157 349 2199 f)
372 2158 544 2192 Iuvencus
566 2169 634 2201 quo
657 2160 731 2193 iure
754 2160 948 2203 appelletur
965 2160 1164 2202 «Vergilius
1179 2160 1392 2193 christianus
1403 2162 1440 2192 »?

1483 1895 1609 1928 65—67

1432 1972 1438 1977 .
1483 1949 1610 1983 67—85

1484 2003 1609 2036 67-69

1483 2056 1610 2089 69—82

1483 2109 1610 2143 82—85

1526 2163 1567 2196 85
