1800 2904
873 151 925 191 56

278 256 425 298 Christi
453 258 808 309 interrogationem
827 256 942 297 Mtth.
960 258 1001 297 X
1020 258 1071 297 29
1102 273 1120 294 ‹
1132 257 1307 299 Nonne
1329 260 1412 299 'duo
1427 258 1614 310 passeres

172 333 260 361 asse
300 319 532 361 veneunt?»
580 321 761 361 enuntiat
797 321 881 360 Iuv.
918 321 959 360 II
995 321 1089 361 490:
1135 321 1401 364 «Passeribus
1432 321 1613 374 pretium

170 385 329 425 nummi
369 384 442 425 vix
475 384 609 435 portio
648 396 785 434 parva
824 383 1132 424 Proveniet».
1178 408 1231 414 —-
1277 385 1392 432 Quod
1433 386 1613 426 Christus

171 448 284 487 Mtth.
328 448 409 487 XII
451 449 475 487 3
522 447 777 498 pharisaeum
824 448 1043 498 interrogat
1092 447 1226 488 «Non
1274 448 1470 500 leqistis
1515 448 1614 499 quid

170 510 314 563 fecerit
347 510 499 560 David,
544 523 634 550 cum
675 510 867 550 esurisset
904 510 989 561 ipse
1029 513 1068 550 et
1108 511 1180 561 qui
1221 510 1312 551 cwm
1350 524 1393 551 eo
1431 510 1609 551 arante»

173 575 353 613 enuntiat
387 574 469 612 Iuv.
507 574 548 612 II
586 574 663 613 570
698 585 755 623 sq.
795 572 1018 625 «Leqitis
1051 576 1178 613 certe
1214 589 1365 613 .....
1368 570 1372 573 ’
1404 597 1455 602 -—
1489 574 1612 613 Inter-

172 638 326 688 rogatio
356 636 439 677 Ioh.
469 636 528 676 XI
556 637 627 676 40:
659 635 797 677 «Non
825 636 930 677 dixi
959 636 1045 687 tibi,
1076 636 1187 688 qnia,
1222 637 1471 688 sivcrederis,
1506 636 1612 678 vide-

174 701 234 741 bis
281 700 456 753 qtoriam
502 699 640 740 Dei?»
693 701 915 752 explicatur
963 713 987 740 a
1035 701 1118 740 Iuv.
1169 702 1235 741 IV.
1278 701 1350 742 381
1409 702 1612 741 enuntiato

173 765 412 805 affirmativo
444 763 585 805 «Iam
614 763 759 805 totiens
787 764 969 805 dictam
997 767 1068 805 est
1095 795 1104 804 .
1135 795 1144 804 .
1174 796 1181 803 .
1213 781 1245 804 .»
1319 762 1321 764 ’

279 839 373 878 Sed
398 851 583 889 quoque
604 838 687 888 tit,‘
715 842 765 877 ut
793 842 1037 878 iuvencus
1066 838 1306 877 interdum
1336 842 1616 889 interroga-

172 905 277 943 tivo
304 904 569 943 enuntiato
597 914 713 942 usus
741 904 824 950 sit,
850 914 939 952 quo
965 904 1283 952 evangelista
1310 905 1614 943 enuntiatum

173 969 459 1017 negativum
489 968 714 1006 adhibet:

278 1029 397 1080 Apud
425 1029 539 1067 Mtth.
560 1029 594 1067 V
617 1029 666 1067 14
694 1029 839 1078 legitur
869 1027 1005 1067 «Non
1026 1030 1187 1077 potest
1212 1028 1358 1068 civitas
1386 1028 1615 1068 abscondi

172 1104 300 1143 supra
340 1093 513 1132 montem
546 1091 726 1143 posita»,
776 1090 881 1142 quod
923 1090 1007 1131 Iuv.
1050 1091 1226 1143 explieat
1266 1092 1284 1131 Ι
1328 1091 1423 1133 478;
1451 1103 1494 1128 ·«
1506 1090 1615 1133 Nam

172 1157 283 1207 quis
325 1187 333 1195 .
364 1187 372 1195 .
404 1187 412 1195 .
444 1187 452 1195 .
496 1156 749 1195 occultare
789 1154 988 1205 queat&
1032 1178 1084 1183 —
1124 1156 1276 1194 Eodem
1326 1156 1442 1194 modo
1483 1156 1614 1194 reddit

173 1219 296 1258 verba
329 1218 443 1258 Mtth.
479 1218 637 1258 XXVII
673 1217 724 1257 42
770 1217 917 1258 «Alios
957 1218 1089 1258 salvos
1122 1217 1230 1270 fecit,
1274 1230 1314 1258 se
1348 1217 1481 1269 ipsum
1517 1231 1613 1259 non

168 1286 332 1333 potest
357 1283 549 1322 salvum
577 1283 771 1333 facere»
803 1283 886 1321 Iuv.
918 1283 974 1321 IV
1003 1282 1080 1321 678
1109 1295 1187 1332 sq.:

282 1345 481 1385 «Nonne
509 1345 611 1385 alios
638 1345 843 1396 qnondam
871 1344 1054 1385 trucibus
1081 1357 1277 1385 servare
1303 1344 1492 1385 solebat

311 1409 546 1450 Morborum
573 1408 750 1449 vinctis?
777 1422 878 1449 sese
906 1422 991 1449 cur
1018 1409 1205 1449 solvere
1229 1409 1369 1459 poenis

312 1472 419 1513 Non
446 1471 649 1512 valete».

279 1547 499 1596 Denique
536 1549 609 1585 est
643 1546 756 1585 mihi
793 1545 1149 1585 memorandum
1186 1549 1443 1586 iuvencum
1487 1559 1612 1587 non-

173 1622 451 1660 numquam,
495 1609 578 1648 sed
619 1621 710 1648 non
754 1622 920 1661 saepe,
963 1605 1263 1657 sententias,
1307 1622 1427 1660 quas
1470 1622 1613 1650 evan-

173 1676 357 1725 gelista
385 1675 622 1724 negative
653 1677 910 1724 exprimit,
941 1676 1255 1714 affirmative
1284 1663 1517 1715 reddere:

278 1737 394 1784 Quod
430 1736 538 1789 apud
566 1737 649 1776 Ioh.
680 1737 742 1776 III
771 1738 794 1785 5
829 1738 974 1788 legitur
1008 1739 1194 1788 negative
1231 1737 1365 1777 «nisi
1399 1738 1510 1788 quis
1541 1751 1613 1778 re-

172 1804 324 1840 natus
351 1800 511 1852 fuerit
537 1813 586 1839 ex
611 1813 720 1850 aqna
748 1803 787 1840 et
812 1801 975 1851 spiritu,
1011 1813 1110 1840 non
1140 1803 1301 1851 potest
1326 1801 1541 1841 introire
1563 1801 1615 1841 ¹in

173 1876 346 1915 regnum
375 1863 438 1903 dei
449 1879 465 1899 »
499 1864 673 1915 explicat
701 1864 784 1903 Iuv.
816 1863 1055 1903 affirmative
1084 1864 1125 1904 II
1156 1865 1230 1904 193
1259 1877 1337 1916 sq.:

296 1989 301 1995 ⁶
386 1967 395 1976 .
426 1968 435 1976 .
464 1938 508 1976 si
536 1937 646 1987 quis
675 1938 722 1977 de
748 1938 860 1989 fonte
887 1940 1097 1978 renatus
1127 1996 1129 1998 Ι

306 2000 365 2040 Et
391 2000 497 2050 flatu
524 2003 663 2040 sancto
690 2001 863 2041 rudibus
890 2001 1105 2041 consistere
1132 2001 1318 2042 membris

308 2064 499 2116 Coeperit,
529 2064 753 2105 aetheriam
783 2065 884 2105 liber
911 2065 1200 2105 conscendet
1225 2065 1274 2105 in
1302 2067 1477 2106 aulam.»

332 2138 450 2190 Apud
500 2138 671 2178 eundem
719 2140 1008 2191 evangelistam
1047 2140 1080 2179 V
1122 2140 1169 2179 31
1214 2139 1376 2190 legitur:
1429 2140 1499 2181 «Si
1547 2154 1614 2192 eqo

229 2202 501 2243 testimonium
528 2202 719 2253 perhibeo
755 2203 801 2243 de
835 2217 907 2252 me,
945 2202 1218 2256 testimonium
1244 2216 1375 2243 meum
1411 2216 1509 2243 non
1544 2207 1616 2243 est

226 2279 436 2317 verum»,
467 2265 572 2316 quod
601 2266 685 2305 Iuv.
715 2266 756 2305 II
786 2264 933 2318 565s66
962 2267 1264 2318 interpretatur:
1387 2257 1389 2259 V

281 2358 298 2376 «
311 2341 498 2391 Namque
526 2354 593 2391 eqo
620 2341 656 2380 si
683 2341 844 2391 proprio
874 2341 984 2380 testis
1005 2354 1083 2391 pro
1110 2341 1274 2380 nomine
1300 2354 1478 2392 surqam,

312 2398 719 2454 Falsa‘loquar».
1199 2444 1202 2445 γ

225 2478 342 2530 Apud
378 2478 491 2518 Mtth.
527 2478 623 2518 XVI
660 2479 683 2517 4
718 2478 816 2518 dicit
852 2479 966 2519 Iesus
1004 2482 1074 2518 «et
1101 2492 1196 2519 non
1231 2478 1399 2518 dabitur
1439 2480 1475 2518 ei
1508 2481 1613 2520 nisi

225 2542 389 2593 siynum
423 2541 552 2581 Ionae
581 2540 829 2592 prophetae»
872 2541 976 2593 quod
1003 2543 1086 2581 Iuv.
1121 2543 1299 2586 enuntiat
1332 2543 1394 2583 ΙΙΙ
1426 2543 1502 2584 233
1535 2555 1610 2595 sq.:

229 2606 337 2646 «Sed
364 2605 472 2645 vobis
500 2605 642 2657 siyna
671 2605 940 2655 dabuntur,
971 2619 1074 2657 quae
1102 2636 1111 2645 .
1142 2636 1149 2645 .
1182 2637 1190 2645 .
1237 2623 1270 2646 ».
