1800 2904
281 2208 319 2369 Marcus
282 2147 320 2180 V

397 2476 429 2521 Et
398 2277 430 2449 venerunt
398 2153 429 2250 trans
395 1993 430 2120 fretum

450 2417 482 2521 maris
450 2347 482 2380 in
449 2137 492 2313 regionem
448 1995 482 2101 Gera-

512 2350 535 2522 senorum.

569 2486 599 2521 et
566 2333 600 2471 exeunti
566 2231 599 2317 eide
575 2127 599 2218 nave
566 1994 598 2112 statim

618 2369 652 2521 occurrit
619 2315 652 2347 ei
619 2250 652 2293 de
618 1994 652 2224 monumentis

672 2409 704 2522 homo
671 2350 704 2382 in
672 2203 713 2324 spiritu
671 1994 705 2179 immundo.

895 2464 937 2522 qui
894 2228 929 2436 domicilium
894 2050 928 2203 habebat
894 1993 927 2028 in

947 2282 982 2522 monumentis.
950 2218 981 2253 et
957 2079 990 2190 neque
957 1995 980 2051 ca-

1001 2432 1034 2523 tenis
1001 2327 1033 2395 iam
1000 2109 1042 2290 quisquam
1010 1994 1033 2071 eum

1054 2413 1096 2523 ligare
1056 2241 1095 2391 poterat,

1118 2360 1160 2521 quoniam
1127 2238 1159 2343 saepe
1115 1993 1158 2218 compedibus

1173 2486 1204 2521 et
1170 2316 1203 2449 catenis
1169 2141 1202 2280 vinctus
1168 1993 1201 2104 disru-

1223 2411 1265 2523 pisset
1225 2246 1255 2389 catenas
1224 2195 1254 2230 et
1220 1993 1263 2179 compedes

1275 2252 1316 2520 comminuisset,
1275 2191 1315 2241 (et
1284 2070 1307 2171 nemo
1284 1993 1315 2055 po-

1331 2428 1362 2520 terat
1338 2330 1361 2406 eum
1327 2140 1368 2307 domare).

1477 2461 1517 2519 (Et
1485 2303 1517 2438 semper
1476 2179 1508 2282 nocte
1482 2114 1506 2156 ac
1472 2042 1505 2099 die
1472 1994 1505 2027 in

1528 2289 1562 2519 monumentis
1530 2232 1560 2266 et
1527 2184 1559 2218 in
1525 1992 1559 2168 montibus

283 1617 322 1811 luvencus
284 1561 321 1588 ll

398 1849 431 1907 43:

284 1055 322 1284 Matthaeus
283 949 322 1028 Vlll

285 534 323 663 Lucas
284 427 322 506 Vlll

397 1722 430 1794 Iam
397 1422 431 1679 Gerasenorum
400 1321 433 1379 28:
399 1150 432 1295 Etcum
399 973 433 1128 venisset
402 855 433 952 trans
401 756 433 814 26:
398 434 441 722 Enavigaverunt
401 287 431 401 autem

451 1803 482 1950 steterat
450 1713 483 1776 sub
450 1588 484 1690 litore
450 1421 493 1566 puppis3
450 1255 484 1380 fretum
451 1192 484 1226 in
452 989 494 1164 regionem
452 855 486 962 Gera-
451 769 484 813 ad
451 569 494 747 regionem
450 287 492 552 Gerasenorum,

513 1220 537 1379 senorum

513 725 546 813 quae
506 648 537 701 est
506 503 537 626 contra
503 287 537 488 Galilaeam.

568 1824 600 1951 44—46
566 1708 599 1814 :Ecce
566 1638 600 1700 sed
576 1488 609 1631 egresso
566 1467 598 1480 i
576 1422 598 1459 u-
571 1154 601 1379 occurrerunt
569 1082 602 1113 ei
569 988 602 1039 du
581 962 603 980 o
569 902 602 923 h
581 876 602 894 ο
589 855 595 867 -
570 773 602 812 27
578 754 600 761 :
570 623 600 741 etcum
567 485 601 615 exisset
566 432 600 478 ad
569 286 609 424 terram,

629 1905 651 1924 v
630 1881 652 1897 e
619 1828 652 1871 ni
630 1803 652 1819 s
638 1751 643 1791 —
620 1582 653 1737 mirabile
619 1475 652 1569 dictu
637 1422 642 1462 —
623 1276 656 1379 mine
633 1250 656 1266 s
623 1059 656 1229 habentes
621 854 656 1036 daemonia
620 662 654 813 occurrit
620 604 653 651 illi
619 525 653 592 vir
619 411 662 509 quid
630 342 652 403 am
619 287 653 329 de

673 1783 715 1950 Occurrit,
674 1602 706 1762 miseram
673 1529 706 1583 cui
682 1421 706 1514 men·
661 1398 694 1401 f
675 1336 708 1379 de
676 1085 709 1313 monumentis
677 898 708 1062 exeuntes

729 1684 759 1754 tem
725 1520 768 1661 spiritus
728 1419 759 1496 ater

778 1773 811 1951 Immunda
778 1588 820 1756 implebat
778 1421 811 1575 laterans
819 1404 821 1406 Ι

831 1585 864 1716 virtute
830 1422 864 1561 furoris.

662 670 706 836 ¹civitate
672 578 715 636 qui
668 396 706 550 habebat
671 287 705 368 dae—

720 664 760 823 monium
724 416 767 644 (temporibus
725 287 758 401 multis

782 779 813 814 et
778 512 812 757 vestimentum
787 420 811 489 non
777 288 811 405 indue-

832 699 873 815 batur)

896 1809 929 1952 47—48:
894 1719 927 1772 Illi
897 1581 937 1684 grata
894 1420 928 1544 domus
897 1282 929 1379 saevi
897 1138 938 1249 nimis,
897 1057 929 1105 ita
900 985 930 1023 ut
907 856 931 957 nemo
905 698 942 814 neque·
895 634 928 667 in
894 492 928 596 domo
892 286 935 458 manebat,

947 1820 980 1920 tetris
946 1647 980 1805 habitare
947 1422 990 1630 sepulchris3
951 1269 992 1381 possit
950 1084 984 1232 transire
960 983 992 1045 per
951 856 984 951 viam
947 695 981 813 sedin
946 427 985 671 monumentis;

1000 1880 1033 1952 Nec
1002 1717 1041 1858 poterat
999 1537 1041 1697 rapidum
999 1422 1042 1514 quis·
1003 1279 1036 1382 illam.

1061 1779 1094 1881 quam
1052 1608 1085 1758 retinere
1052 1421 1093 1585 furorem,

1119 1808 1152 1953 49—52:
1116 1659 1149 1779 Fortia
1116 1552 1158 1633 quin
1116 1423 1149 1528 etiam

1168 1689 1210 1874 rumpebat
1169 1527 1201 1668 vincula
1168 1422 1202 1506 ferri

1221 1694 1263 1951 Scindebatque
1230 1515 1263 1645 graves
1223 1421 1253 1459 ut

1274 1680 1307 1781 lanea
1272 1599 1306 1658 fila
1276 1423 1307 1576 catenas.

1327 1906 1359 1952 Et
1326 1803 1359 1871 iam
1326 1544 1368 1769 compedibus
1326 1421 1359 1511 levis

1378 1568 1412 1735 insultare
1379 1421 1412 1545 solutis

1431 1835 1464 1952 Ludus
1433 1736 1464 1811 erat
1455 1705 1463 1713 .
1456 1674 1464 1682 .
1455 1642 1463 1650 .
1456 1610 1464 1618 .

1584 2443 1615 2519 erat
1583 2379 1614 2414 et
1580 2184 1621 2350 clamans)
1581 2117 1611 2151 et
1588 1993 1611 2088 con·
1581 1894 1613 1952 52:
1578 1748 1611 1865 Ludus
1581 1649 1611 1724 erat
1578 1423 1620 1628 samisque

1610 1423 1673 1974 'ferumconciderepectusu

1634 2375 1667 2519 cidens
1644 2311 1665 2352 se
1630 2061 1675 2287 lapidibus.

1118 757 1150 813 29:
1139 726 1147 733 .
1140 700 1149 708 .
1139 677 1147 684 .
1140 654 1147 661 .
1113 427 1157 636 alligabatur
1113 287 1147 412 etenim

1167 680 1201 812 catenis
1170 612 1201 647 et
1166 357 1209 582 compedibus
1169 286 1199 324 ut

1219 580 1254 813 custodiretur
1222 532 1254 568 et
1219 286 1262 523 disrumpebat

1272 672 1306 813 vincula
1298 642 1306 650 .
1297 611 1306 619 .
1296 578 1305 586 .

942 183 990 222 18
