1800 2904
860 147 911 188 58

162 264 259 292 suae
309 255 434 292 textu.
504 253 721 293 Numerum
768 252 1038 305 exemplorum
1080 253 1426 306 Hatfieldius1)
1477 255 1598 293 auxit.

161 314 243 355 Sed
271 316 442 366 plurima
470 317 666 356 Iuvencus
695 316 816 356 debet
840 317 1029 367 Vergilio,
1060 316 1312 367 «principem
1339 317 1597 359 carminum»

162 390 279 428 quem
316 377 412 417 dicit
444 379 620 419 Velleius
656 379 902 420 Paterculus.
958 382 1196 420 Iuvencus
1230 382 1456 422 imitatur
1488 382 1601 421 Ver·

161 444 331 493 gilium
361 444 549 492 duplici
570 446 790 491 ratione;
820 446 981 484 altera
1002 446 1197 494 spectat
1215 446 1273 484 ad
1294 456 1411 491 rem,
1441 447 1602 485 altera

162 508 221 546 ad
250 508 470 547 formam.
517 507 679 557 Minime
707 508 885 563 sequitur
912 507 1109 548 Iuvencus
1136 508 1177 547 in
1205 508 1426 548 imitatione
1447 507 1499 547 ad
1518 520 1601 548 rem

160 571 375 621 pertinenti
411 575 541 611 certas
577 572 699 622 leges.
763 571 1012 622 Ubicumque
1047 574 1193 623 potest,
1229 572 1348 611 sumit
1375 584 1397 611 e
1424 571 1600 622 Vergilio

160 634 249 685 ipso
285 635 579 674 enuntiationes
613 647 741 685 neque
775 634 1003 675 considerat
1038 638 1167 674 utrum
1204 638 1323 687 aptae
1357 636 1435 675 sint
1462 646 1601 686 necne,

162 709 265 747 quae
300 710 423 749 saepe
458 700 494 737 ei
531 698 837 738 commutandae
872 702 974 750 sunt,
1012 699 1153 748 quibus
1187 700 1315 750 possit
1343 699 1413 738 uti.
1469 698 1600 749 Saepe

162 760 317 800 conficit
345 773 484 801 versus
513 774 562 801 ex
591 774 776 802 versuum
795 762 1112 813 Vergilianorum
1132 762 1333 813 partibus3
1361 773 1483 814 saepe
1504 761 1602 801 iacit

161 826 417 876 incipientem
445 838 602 865 versum
633 839 657 865 a
684 838 824 866 versus
852 826 1071 876 Vergiliani
1099 827 1224 877 initio,
1262 838 1383 877 saepe
1416 838 1600 865 versuum

161 888 279 927 finem
300 892 583 939 congruentem
603 901 691 928 cum
706 901 891 928 versuum
906 889 1223 939 Vergilianorum
1242 888 1330 928 fine.
1367 889 1600 939 Reperimus

162 951 451 1003 descriptiones
485 965 588 1002 quae
624 952 676 991 ad
712 952 862 1002 Vergili
899 951 1188 1004 descriptiones
1227 964 1349 1003 prope
1386 950 1599 1003 accedunt3

163 1014 234 1055 sed
263 1027 378 1054 rarae
409 1019 511 1066 sunt,
549 1015 654 1066 quod
691 1017 830 1055 mirum
864 1028 943 1055 non
977 1020 1049 1068 est,
1084 1027 1171 1055 cum
1200 1016 1368 1055 materia
1396 1016 1599 1065 utriusque

163 1080 350 1119 carminis
379 1078 644 1119 dissimillima
674 1081 734 1120 sit.
783 1080 885 1120 Nam
912 1080 1112 1131 Vergilius
1141 1074 1309 1120 materia
1338 1091 1409 1119 sua
1436 1079 1600 1119 liberius

162 1144 218 1182 uti
254 1144 400 1195 potuit3
434 1144 641 1195 Iuvencus,
677 1145 887 1183 materiam
921 1144 1084 1183 liberius
1119 1147 1158 1183 et
1191 1144 1321 1195 magis
1348 1144 1503 1195 poetice
1533 1155 1599 1182 ex-

162 1220 303 1247 ornare
331 1206 410 1247 fide
440 1220 487 1247 ac
516 1208 707 1258 religione
735 1207 957 1259 prohibitus
985 1211 1058 1247 est.
1114 1208 1255 1258 Itaque
1290 1220 1483 1248 summam
1511 1206 1597 1246 dili-

161 1273 337 1322 gentiam
366 1272 499 1323 posuit
526 1273 566 1310 in
596 1271 775 1312 ornando
804 1273 979 1312 carmine
1009 1283 1090 1312 suo.
1146 1272 1277 1322 Atque
1311 1271 1387 1311 hac
1421 1272 1461 1310 in
1490 1283 1532 1311 re
1562 1272 1597 1310 ei

160 1336 266 1374 viam
296 1336 532 1375 monstravit
559 1336 771 1386 Vergilius,
807 1336 873 1386 qui
907 1334 1076 1386 perfecit
1103 1335 1212 1374 illam
1241 1334 1466 1387 dictionem,
1496 1347 1597 1386 quae

161 1412 210 1438 ex
239 1399 306 1438 illo
336 1402 513 1450 tempore
541 1400 582 1438 in
612 1411 792 1439 sermone
821 1400 977 1450 poetico
1006 1399 1180 1449 vigebat.

267 1473 304 1513 2.
356 1474 470 1514 Nunc
517 1473 569 1513 ad
615 1476 813 1525 singula
858 1473 1209 1524 transgrediamur.
1282 1474 1456 1512 Primum
1508 1485 1597 1513 con-

161 1537 381 1577 sideremus
409 1538 560 1588 Vergili
589 1538 832 1578 imitationes
861 1550 964 1588 quae
994 1536 1046 1577 ad
1073 1549 1156 1577 rem
1185 1538 1396 1588 pertinent.

268 1610 1598 1663 a)IuvencussumiteVergilioenuntiationes‚quibus

161 1676 399 1727 exprimat
440 1675 515 1715 vel
559 1676 778 1727 singulas
821 1677 949 1715 sacri
991 1680 1152 1716 textus
1193 1688 1335 1716 voces
1368 1676 1442 1715 vel
1476 1688 1597 1726 quae

161 1741 202 1778 ei
246 1741 390 1779 nimis
431 1740 658 1790 volgares
699 1739 985 1779 viderentur
1027 1751 1144 1779 esse.
1184 1763 1233 1768 —
1269 1740 1370 1780 Utar
1406 1740 1598 1791 exemplis

160 1808 350 1853 quantum
379 1803 539 1853 quidem
568 1803 652 1842 fieri
681 1806 814 1854 potest
844 1816 868 1842 a
895 1816 958 1843 me
986 1804 1170 1843 inventis.

319 1877 463 1917 Statim
501 1878 519 1916 Ι
554 1879 578 1916 3
621 1881 710 1917 sunt
751 1877 875 1917 verba
921 1893 953 1917 ‹<.
985 1909 993 1917 .
1024 1908 1031 1916 .
1065 1909 1071 1916 .
1108 1877 1187 1918 cui
1223 1877 1446 1929 templum
1479 1890 1600 1918 cura

215 1941 377 1981 tueri»
415 1941 536 1980 ducta
568 1953 590 1980 e
625 1940 841 1993 Vergilio2)
883 1942 959 1980 VII
994 1941 1114 1993 4433)
1163 1954 1311 1981 «σανα
1354 1941 1427 1981 tibi
1469 1941 1599 1981 divom

213 2005 367 2058 effiqies
395 2007 434 2045 et
462 2005 638 2055 templa
667 2004 842 2055 tueri»,
873 2004 1015 2055 quibus
1043 2005 1176 2045 verbis
1204 2004 1347 2057 reddit,
1377 2004 1482 2055 quod
1504 2004 1599 2045 dicit

211 2071 343 2109 Lucas
363 2071 381 2109 I
399 2070 424 2109 8
457 2082 575 2109 «cum
603 2068 875 2109 sacerdotio
901 2068 1202 2120 funyeretur
1222 2098 1231 2107 .
1254 2100 1262 2109 .
1284 2098 1292 2107 .
1315 2085 1348 2107 .»
1380 2092 1429 2097 —
1458 2069 1598 2120 Neque

213 2135 341 2173 minus
376 2134 394 2172 Ι
423 2132 474 2171 79
508 2133 631 2172 verba
675 2148 714 2171 «.
744 2162 753 2171 .
785 2163 791 2170 .
824 2163 831 2171 .
866 2131 1036 2172 vacuis
1075 2144 1120 2172 se
1156 2131 1377 2183 condidit
1411 2132 1598 2184 auris»,

213 2210 315 2248 quae
350 2197 551 2248 explicant
586 2198 654 2236 Lc.
689 2197 707 2236 I
743 2196 793 2236 38
829 2208 967 2236 vocem
1005 2196 1290 2237 «discessit»
1330 2197 1474 2237 similia
1510 2200 1599 2237 sunt

211 2261 541 2312 Vergilianorum,
588 2260 709 2300 veluti
751 2261 789 2299 II
831 2260 903 2299 621
945 2275 976 2298 «.
1017 2291 1023 2299 .
1064 2292 1071 2298 .
1110 2290 1118 2299 .
1167 2259 1345 2312 spissis
1384 2260 1513 2301 noctis
1553 2270 1600 2300 se

211 2324 432 2365 condidit
472 2323 670 2375 umbris»,
718 2325 751 2364 V
793 2324 870 2363 243
920 2327 1066 2375 «portu
1110 2337 1157 2364 se
1203 2324 1432 2366 condidit
1472 2325 1597 2377 alto»,

267 2463 290 2501 1)
315 2461 482 2494 Hatfield:
505 2461 537 2494 A
561 2461 666 2504 study
689 2461 725 2494 oi
748 2462 932 2499 Iuvencus,
955 2462 1055 2494 Bonn
1080 2463 1174 2503 1890,
1195 2472 1228 2503 p.
1252 2463 1391 2496 40—47.

265 2515 290 2555 2)
315 2514 530 2556 Ubicumque
568 2515 683 2556 operis
717 2524 843 2547 nomen
878 2524 947 2547 non
982 2513 1170 2556 adscripsi,
1209 2512 1375 2547 Aeneidis
1409 2513 1505 2547 libris
1539 2525 1596 2548 ex-

158 2568 319 2602 citantur.

263 2623 290 2664 8)
314 2622 473 2656 Numeris
496 2632 580 2656 usus
603 2621 797 2656 Ribbeckii.
