1800 2904
841 228 891 268 65

158 333 388 374 Sedulius
429 335 558 386 igitur,
591 336 762 374 *minime
803 333 845 372 id
888 333 993 384 quod
1032 333 1098 373 ille
1140 333 1196 372 ait
1237 331 1475 371 Iuvencus
1515 330 1590 370 hoc

157 399 243 437 loco
272 398 488 448 Vergilium
516 399 705 438 imitatur.

262 483 402 523 Restat
414 487 457 523 ut
481 483 610 523 dicam
633 482 683 522 de
703 480 1056 532 additamento,
1078 482 1189 520 cuius
1205 493 1326 532 supra
1341 480 1396 531 (p.
1416 477 1589 525 39—47)

157 547 395 587 mentionem
422 559 500 587 non
530 546 707 586 fecimus.
765 544 865 584 Sunt
893 556 1031 584 versus
1059 545 1078 584 Ι
1106 544 1246 597 706s7:

284 649 301 668 «
317 633 561 673 Adveniet
587 646 677 672 mox
704 642 887 671 summa
916 630 1033 679 dies,
1065 643 1146 680 qua
1173 631 1265 670 iure
1292 643 1424 670 severo

312 696 507 736 Praemia
533 695 719 735 iustitiae
747 693 898 733 tribuet
923 693 1139 744 scelerique
1164 693 1392 746 qehe‘n‘nam
1404 710 1435 732 ».

158 781 264 821 Nihil
292 782 419 821 simile
447 782 645 820 invenitur
678 779 787 831 apud
819 779 946 830 Mtth.‚
982 791 1098 828 quem
1131 782 1251 829 poeta
1283 790 1409 828 usque
1438 777 1491 817 ad
1519 777 1592 816 hos

157 856 296 884 versus
324 847 483 884 secutus
511 847 572 884 est
600 847 640 883 et
667 855 784 894 quem
802 845 894 894 post
912 842 985 882 hos
1002 854 1141 882 versus
1163 842 1351 893 sequitur.
1397 842 1592 881 Iuvencus

158 912 368 960 postquam
409 909 589 948 versibus
633 906 962 947 antecedentibus
998 906 1204 946 701-705
1248 907 1444 956 expressit
1479 906 1590 944 Mtth.

158 972 233 1010 VII
261 971 307 1009 21
343 987 360 1006 <<
373 970 466 1010 Non
494 970 635 1019 omnis,
666 970 737 1021 qai
756 969 861 1009 dicet
877 969 991 1020 mihi,
1021 969 1189 1018 domine,
1220 968 1386 1019 domine,
1416 968 1595 1008 intrabit

158 1034 206 1074 in
232 1046 404 1085 req‘num
431 1035 643 1083 caelorum,
673 1034 741 1073 sed
768 1033 838 1084 qui
862 1033 967 1084 facit
982 1034 1230 1073 voluntatem
1248 1033 1380 1083 patris
1404 1033 1493 1084 mei,
1523 1033 1594 1083 qui

158 1097 206 1135 i‘n
233 1096 356 1136 caelis
383 1100 451 1146 est,
480 1097 564 1147 ipse
591 1096 769 1137 intrabit
794 1097 841 1136 i‘n
867 1109 1037 1148 requam
1055 1097 1258 1136 caelorum
1270 1112 1302 1145 »,
1333 1097 1471 1135 inserit
1490 1108 1593 1135 nunc

159 1159 231 1199 hos
251 1160 350 1200 duos
369 1172 520 1211 versus,
549 1172 648 1211 quos
668 1173 756 1200 eum
777 1160 974 1201 adiecisse
993 1164 1088 1212 puto
1116 1164 1163 1199 ut
1182 1160 1397 1211 fingeret
1425 1172 1593 1199 versus

160 1224 347 1262 similes
375 1224 477 1263 illis
505 1224 795 1264 clarissimis
822 1224 1055 1264 Aeneidis
1085 1225 1123 1263 Π
1151 1223 1323 1276 324s25:

350 1324 366 1343 «
387 1307 528 1348 Venit
552 1322 736 1349 summa
764 1309 865 1349 dies
892 1312 931 1349 et
956 1308 1218 1349 ineluctabile
1248 1312 1400 1359 tempus

374 1372 668 1413 Dardaniae».
726 1373 794 1425 (cf.
825 1373 940 1412 Hom.
971 1373 999 1409 Δ
1031 1373 1106 1411 164
1134 1372 1212 1424 sq.)

162 1456 335 1496 Carmini
364 1459 477 1508 epico
513 1470 597 1508 suo,
630 1459 665 1498 si
699 1461 900 1497 certamen
935 1458 1034 1496 inire
1062 1457 1186 1496 voluit
1214 1470 1301 1497 cum
1330 1458 1480 1508 Vergili
1509 1471 1592 1497 car-

161 1521 278 1571 mine,
320 1521 422 1560 tales
464 1533 603 1560 versus
643 1522 818 1561 inserere
859 1521 1007 1571 debuit,
1050 1520 1188 1570 quales
1227 1522 1289 1572 iis,
1332 1522 1397 1570 qui
1432 1533 1592 1561 carmen

159 1583 350 1633 legerent,
373 1585 507 1623 statim
526 1584 564 1622 in
586 1585 777 1623 memoria
796 1584 1016 1623 haererent.
1057 1584 1196 1633 Neque
1214 1596 1363 1634 negare
1383 1596 1593 1635 possumus

160 1647 373 1686 Iuvencum
408 1648 470 1687 his
505 1642 658 1687 duobus
698 1647 878 1687 versibus
918 1648 1066 1698 optime
1109 1649 1356 1697 expressisse
1399 1660 1592 1687 summam

159 1710 362 1761 religionis
391 1711 632 1751 christianae
661 1709 952 1762 sententiam1).

264 1795 376 1835 Alius
409 1808 548 1835 versus
585 1799 716 1835 exstat
750 1797 790 1834 in
819 1796 995 1835 carmine
1031 1796 1097 1845 qui
1133 1796 1266 1846 specie
1295 1795 1455 1846 quidem
1489 1809 1592 1836 com-

159 1858 311 1908 positus
340 1862 401 1898 est
429 1859 650 1899 simillimus
675 1859 731 1898 illi
760 1859 910 1909 Vergili
938 1859 1070 1898 versui
1100 1858 1319 1899 clarissimo
1347 1860 1402 1899 VI
1431 1860 1528 1900 376:

305 1935 496 1982 «Desine
523 1935 616 1986 fata
644 1935 760 1974 deum
785 1934 892 1983 flecti
920 1947 1112 1984 sperat-e
1135 1936 1410 1984 precando»,

161 2006 322 2046 Iuvenci
350 2019 508 2047 versum
537 2007 626 2048 dico
654 2008 673 2047 I
702 2008 769 2048 59:

304 2083 491 2121 «Desine
519 2085 727 2133 conspectu
754 2085 923 2122 mentem
952 2084 1140 2121 tur-bare
1170 2085 1407 2122 verendo».

264 2163 306 2215 d)
343 2164 494 2220 Supra
529 2166 740 2205 breviter
774 2167 1137 2206 memoravimus
1174 2167 1372 2206 Iuvenci
1406 2179 1594 2207 versum

158 2227 300 2267 initia
321 2231 366 2267 et
385 2230 551 2269 exitus
570 2243 717 2281 saepe
738 2243 1000 2280 congruere
1025 2242 1126 2268 cum
1147 2231 1376 2280 Vergilio.
1422 2232 1594 2269 Tantum

159 2290 274 2329 abest
292 2293 336 2328 ut
355 2292 487 2329 omnia
507 2293 692 2344 exempla
717 2293 902 2343 referam,
933 2304 1035 2344 quae
1055 2292 1278 2333 Huemerus
1298 2297 1337 2332 et
1356 2293 1595 2334 Hatfieldius

160 2354 419 2406 collegerunt,
448 2359 490 2394 ut
518 2357 744 2407 prolaturus
773 2359 845 2396 sim
875 2370 954 2396 000
983 2357 1063 2396 0110
1090 2358 1166 2396 0181
1196 2371 1220 2396 0
1248 2370 1310 2396 100
1339 2362 1510 2408 reperta.

266 2530 290 2570 ¹)
313 2531 401 2564 Num
425 2533 596 2565 Iuvencus
619 2532 683 2565 hos
706 2543 831 2566 versus
853 2534 1038 2567 inseruerit
1061 2536 1254 2566 commotus
1280 2534 1511 2567 «chiliasmo»
1537 2536 1594 2577 qui

159 2580 284 2614 dicitur
315 2583 456 2618 dubium
484 2585 631 2618 videtur.
675 2586 729 2619 De
760 2586 987 2620 «chiliasmo»
1021 2587 1064 2621 01.
1092 2586 1395 2630 Wetzer-Welter,
1426 2588 1593 2622 Kirchen·

157 2634 295 2669 lexikon
319 2639 343 2669 t.
366 2639 413 2671 III
435 2650 469 2681 p.
490 2643 568 2683 1443
590 2640 779 2681 Neumann,
797 2640 875 2673 'Der
896 2639 1068 2672 romische
1092 2639 1194 2673 Staat
1216 2641 1287 2673 und
1310 2641 1366 2674 die
1390 2643 1594 2684 allgemeine

157 2688 284 2721 Kirche
308 2689 361 2722 bis
386 2693 444 2724 aut
467 2692 666 2725 Diokletian
689 2693 703 2725 Ι
725 2703 758 2734 p.
783 2695 855 2728 251-
