1800 2904
892 163 918 202 8

234 269 331 308 latio
368 269 528 307 minime
565 271 626 307 est
661 271 862 308 accurata.
926 266 1041 314 Quod
1069 268 1266 306 Iuvencus
1302 266 1471 307 eandem
1499 266 1622 306 habet

234 332 623 372 circumlocutionem
664 332 724 370 III
759 331 855 371 297:
901 330 1117 379 «absint,
1163 328 1334 381 Christe,
1378 330 1460 371 tuis
1495 361 1504 370 .
1534 362 1542 369 .
1572 360 1581 369 .
1612 360 1620 368 .

232 398 416 437 monstra
449 395 591 447 procul
624 394 851 447 meinos-is»,
893 407 916 435 e
950 395 1132 435 versione
1165 393 1292 434 latina
1327 398 1414 435 orta
1448 406 1537 435 esse
1573 406 1621 434 ea

233 460 327 499 mihi
356 459 524 499 videtur.

338 525 426 566 Vox
465 525 801 576 «παρακούσῃ»
838 525 952 565 Mtth.
986 525 1122 565 XVIII
1159 524 1206 563 17
1245 524 1286 563 in
1320 525 1502 565 omnibus
1535 538 1621 566 ver-

234 590 411 630 sionibus
438 590 576 630 latinis
603 589 656 629 ad
675 589 839 629 verbum
857 590 1096 629 transfertur
1114 601 1186 640 per
1216 601 1340 629 «non
1367 589 1618 629 audierit»

233 657 402 706 excepto
431 652 569 693 codice
597 652 781 693 Palatino
811 652 869 706 (e)
884 652 929 706 ¹),
957 654 1024 704 qui
1052 652 1175 693 habet
1205 652 1621 705 «contempserit»,

233 717 338 769 quod
372 719 569 758 Iuvencus
609 717 787 769 praebet.
853 717 1004 765 Quodsi
1040 719 1236 757 Iuvencus
1277 730 1497 769 congruens
1533 730 1620 757 cum

232 794 310 821 uno
340 794 390 820 ex
417 781 623 821 codicibus
643 781 1019 833 antehieronymicis
1037 781 1186 820 habeat
1217 780 1618 832 «contempserit»

233 846 293 884 III
330 845 408 885 428
455 844 545 884 «sin
584 847 624 884 et
654 845 878 884 multorum
910 844 1258 895 contempserit
1289 857 1398 895 ora»,
1440 844 1622 885 concludi

231 912 364 958 potest
408 921 458 947 ex
502 920 551 947 ea
592 920 635 946 re
676 907 780 946 hanc
822 908 1032 947 lectionem
1074 908 1164 947 aliis
1199 909 1240 946 in
1274 907 1479 948 codicibus
1512 911 1622 947 ante-

232 971 514 1023 hieronymicis
549 971 664 1011 nobis
698 983 777 1010 non
811 972 982 1011 servatis
1017 972 1232 1022 exstitisse,
1269 983 1433 1028 quorum
1466 984 1515 1012 ex
1544 984 1622 1011 uno

232 1036 429 1074 Iuvencus
457 1035 695 1074 vocabulum
724 1036 905 1086 sumpsit.

337 1099 457 1137 Varie
507 1101 790 1137 convertuntur
837 1100 878 1137 in
920 1097 1124 1137 codicibus
1166 1098 1301 1138 latinis
1342 1099 1466 1138 verba
1507 1099 1621 1149 Mtth.

231 1162 368 1201 XVIII
396 1161 447 1201 23
487 1163 711 1211 «συνᾶραι
746 1160 913 1211 λόγον»
952 1160 1069 1201 modo
1098 1165 1285 1201 accurate
1312 1174 1385 1213 per
1416 1163 1623 1202 «tollere

231 1224 504 1264 rationem»
537 1224 654 1263 modo
682 1236 754 1274 pei·
785 1236 1071 1274 «inponere»
1103 1223 1221 1264 modo
1254 1237 1318 1263 «r.
1342 1224 1618 1264 discutere»

231 1287 350 1328 modo
395 1300 458 1326 «r.
498 1287 777 1328 deducere».
842 1287 940 1326 Cum
974 1288 1168 1327 Iuvencus
1207 1289 1265 1327 ita
1306 1287 1416 1327 dicat
1449 1289 1509 1328 III
1544 1288 1622 1328 438

233 1367 266 1389 «.
297 1380 306 1389 .
338 1381 345 1388 .
378 1381 386 1389 .
415 1350 574 1390 nummi
601 1351 846 1390 rationem
874 1350 945 1400 qui
973 1350 1195 1400 sibi-poni
1222 1350 1427 1402 iusserit»,
1463 1363 1552 1391 eum
1581 1352 1621 1390 in

229 1417 342 1453 textu
371 1425 442 1453 suo
469 1414 594 1453 latino
626 1413 901 1453 «rationem
922 1426 1131 1464 ponere»
1163 1413 1310 1464 legisse
1338 1418 1488 1454 certum
1513 1418 1621 1467 puto.

337 1477 449 1524 Quae
486 1477 654 1528 legimus
689 1477 798 1529 apud
826 1477 1075 1516 Matthaeum
1103 1477 1203 1516 XIX
1232 1477 1283 1516 24
1327 1493 1358 1515 «.
1391 1508 1398 1515 .
1429 1507 1438 1516 .
1470 1508 1478 1516 .
1509 1478 1618 1516 εὐκο-

230 1540 397 1591 πώτερόν
444 1541 540 1579 ἐστιν
587 1542 759 1591 κάμηλον
812 1540 884 1578 διὰ
937 1540 1233 1591 τρυπήματος
1287 1540 1483 1591 ῥαφίδος
1530 1540 1620 1583 εἰς·

232 1605 408 1653 ελθεῖν,
437 1605 461 1654 ἢ
491 1604 669 1641 πλούσιον
700 1604 752 1645 εἰς
782 1605 846 1653 τὴν
873 1603 1063 1655 βασιλείαν
1093 1606 1165 1641 τῶν
1196 1602 1386 1653 οὐρανῶν»
1419 1603 1622 1643 codicibus

230 1668 270 1706 in
289 1668 424 1706 latinis
443 1670 648 1707 vertuntur
671 1683 703 1705 ‹<.
726 1698 734 1706 .
758 1699 764 1705 .
788 1698 796 1706 .
815 1666 987 1718 facilius
1007 1669 1066 1706 est
1082 1666 1279 1707 camelum
1297 1679 1380 1717 per
1400 1667 1623 1719 foramen

232 1744 257 1771 a
268 1744 350 1771 cus
371 1731 593 1771 transire
606 1744 727 1782 quam
744 1731 908 1771 divitem
922 1730 1124 1771 intrare
1137 1730 1186 1771 in
1200 1743 1372 1782 regnum
1386 1732 1621 1783 coelorum»,

230 1807 310 1845 qua
330 1807 378 1834 ex
406 1796 588 1835 versione
614 1795 882 1845 intellegimus
907 1794 1144 1835 vocabulum
1170 1806 1290 1833 unum
1322 1794 1618 1837 «εἰςελθεῖν»

229 1858 344 1898 reddi
364 1858 519 1899 duobus
538 1859 672 1898 verbis
701 1858 984 1898 «transire»
1017 1862 1056 1898 et
1078 1858 1348 1898 «intrare».
1396 1858 1439 1898 Si
1459 1860 1622 1898 Iuvenci

230 1923 442 1962 verborum
463 1923 655 1962 ambitum
675 1923 735 1961 III
755 1922 832 1962 524
854 1935 910 1973 sq.
932 1922 1246 1973 contemplamur
1265 1925 1304 1962 et
1323 1921 1622 1963 consideramus

331 2001 453 2029 «nam
479 1988 602 2029 citius
631 1988 767 2029 tenuis
787 2002 878 2040 per
906 2002 1021 2030 acus
1050 1988 1268 2029 transire
1293 1989 1517 2040 foramen

356 2052 548 2104 deformis
569 2055 767 2103 poterunt
792 2053 986 2093 inmania
1012 2052 1190 2093 membra
1217 2052 1371 2102 casmeli,

354 2128 476 2167 quam
504 2119 626 2167 queat
653 2119 702 2156 ut
728 2116 838 2156 dives
865 2116 1054 2157 caelestia
1081 2128 1210 2168 reqna
1236 2115 1445 2168 videre»,

232 2193 320 2219 eum
357 2192 436 2219 non
472 2181 597 2220 solum
632 2179 710 2219 duo
738 2181 862 2220 verba
896 2180 1114 2220 in·latinae
1142 2181 1335 2220 versionis
1363 2180 1522 2220 modum
1552 2179 1620 2219 ad-

230 2243 380 2294 hibere,
411 2242 483 2283 sed
511 2244 631 2282 etiam
660 2243 784 2283 verba
815 2256 925 2294 «per
960 2255 1073 2283 acus
1108 2242 1335 2282 transire
1366 2243 1617 2294 foramen»

233 2319 254 2345 e
283 2310 394 2345 textu
422 2307 547 2346 latino
577 2306 629 2345 ad
658 2307 822 2346 verbum
851 2308 1029 2358 recipere
1058 2306 1259 2346 discimus.

337 2370 527 2410 Ultimum
563 2369 788 2409 huiusmodi
826 2370 1051 2422 exemplum
1091 2369 1185 2410 hoc:
1227 2368 1344 2417 Quod
1384 2369 1651 2410 vocabulum'

236 2431 456 2485 «σῴζειν»
501 2434 606 2473 inest
646 2434 685 2473 in
726 2434 860 2474 verbis
895 2433 1009 2474 Mtth.
1045 2433 1201 2475 XXVII
1234 2433 1286 2474 49
1325 2432 1445 2485 «ἄφες
1481 2433 1618 2485 ἴδωμεν

287 2581 311 2619 ¹)
335 2580 405 2612 cod.
436 2580 592 2614 Palatin.
616 2580 668 2623 (e)
698 2580 770 2613 sive
799 2581 951 2623 evanyel.
974 2580 1127 2623 palatin.
1157 2579 1276 2612 inedit-
1307 2579 1358 2612 ed.
1391 2579 1625 2624 Tischendorf

181 2635 275 2672 1847,
300 2633 410 2665 denuo
435 2633 465 2666 Ι.
490 2633 675 2672 Belsheim,
704 2633 943 2666 Christianiae
967 2636 1061 2668 1896.
