1800 2904
922 167 946 206 2

212 273 376 323 retinet,
417 276 552 312 tamen
585 284 838 323 nequaquam
873 273 959 313 eius
1000 285 1161 313 carmen
1203 276 1264 312 est
1306 273 1535 324 translatio,
1576 275 1653 314 nisi

212 337 313 375 torte
342 337 431 387 quis
460 336 557 376 dicit
585 336 714 376 locum
742 336 846 390 hunc
874 337 957 375 Iuv.
989 337 1028 376 II
1058 337 1130 376 541
1164 349 1220 387 sq.
1233 336 1282 387 ¹):

366 399 478 439 «Lex
505 399 635 439 omnis
662 412 860 439 summam
890 399 1088 449 baptistae
1116 400 1170 440 acl
1198 402 1373 450 tempora
1400 400 1503 451 cepit

390 463 525 514 Atque
547 463 806 515 profetarum
832 462 932 513 finis
958 463 1216 516 concluditur
1243 463 1369 503 idem»

211 526 264 566 ad
305 527 469 567 verbum
512 539 601 568 esse
643 527 882 567 translatum
917 539 938 566 e
972 527 1085 567 Mtth.
1115 528 1174 567 XI
1207 528 1273 568 13:
1319 528 1478 570 «πάντες
1511 528 1580 579 γὰρ
1617 529 1651 566 οἱ

210 593 399 641 προφῆται
428 591 490 628 καὶ
520 590 539 628 ὁ
565 590 677 640 νόμος
701 590 775 632 ἕως
797 587 969 628 Ἰωάννου
991 590 1315 642 ἐπροφήτευσαν».
1364 590 1524 630 Similes
1543 591 1652 631 locos

211 665 310 704 quos
339 654 484 694 afferre
513 666 675 705 possum
705 654 856 700 omitto.

317 717 393 764 Qui
413 717 463 757 de
478 717 579 757 Gaio
595 718 728 757 Vettio
748 716 935 767 Aquilino
956 716 1128 757 Iuvenco
1149 718 1232 758 sive
1254 717 1412 757 brevius
1431 718 1515 758 sive
1535 730 1649 758 accu-

211 782 335 822 ratius
351 782 594 834 scripserunt
604 781 649 834 ²),
669 793 806 822 omnes
825 782 866 821 in
881 793 928 821 eo
942 782 1193 822 consentiunt
1208 781 1421 822 Iuvencum
1442 783 1649 822 materiam

211 857 324 885 suam
359 846 531 884 maxime
568 844 730 885 duxisse
765 858 786 885 e
822 846 1005 885 versione
1039 846 1164 885 latina
1204 850 1244 885 et
1278 849 1430 885 textum
1462 858 1649 897 graecum

209 907 408 947 interdum
449 909 687 960 inspexisse.
757 908 907 948 Omnes
949 912 1102 960 autem,
1150 910 1216 959 qui
1259 908 1395 948 dicunt
1435 910 1649 949 Iuvencum

211 971 411 1011 interdum
431 975 544 1011 textu
562 984 709 1022 graeco
729 984 843 1011 usum
862 984 964 1023 esse,
985 971 1184 1012 Gebseri
1206 973 1442 1012 auctoritate
1461 974 1649 1024 nituntur,

209 1036 274 1085 qui
314 1045 451 1074 unum
480 1035 716 1087 exemplum
760 1029 879 1075 affert
920 1037 1143 1086 argumenti
1177 1047 1311 1075 causa.
1381 1036 1422 1075 Is
1465 1037 1567 1075 enim
1609 1037 1650 1075 in

209 1099 341 1149 capite
375 1098 408 1136 B
450 1097 743 1138 dissertationis
755 1100 784 1148 ³)
827 1098 894 1137 ubi
936 1101 1084 1138 tractat
1129 1098 1199 1138 «de
1233 1098 1415 1139 utilitate
1450 1099 1650 1150 exeqetica

210 1160 336 1201 huius
362 1160 530 1212 operis»,
565 1160 661 1201 dicit
688 1174 727 1212 p.
755 1162 823 1202 43:
862 1160 957 1202 «hoc
992 1174 1122 1202 imum
1157 1164 1319 1202 tantum
1346 1174 1650 1202 commemorare

207 1225 404 1274 volumus,
434 1224 654 1264 retinuisse
682 1224 907 1264 Iuvencum
934 1224 1007 1263 IV
1029 1224 1114 1264 696
1138 1237 1327 1276 yraecam
1355 1238 1495 1274 vocem,
1528 1238 1650 1276 quam

208 1288 331 1328 etiam
360 1288 480 1327 Mtth.
511 1287 694 1327 XXVII
715 1288 775 1328 48
803 1288 1005 1338 adhibuit,
1036 1288 1230 1338 σπόγγον
1260 1289 1365 1329 dico:

514 1375 563 1379 ——
623 1351 739 1392 Tunc
764 1352 947 1392 concitus
974 1364 1086 1392 unus

426 1415 597 1468 Goqebat
623 1428 805 1468 spongo
834 1416 946 1467 turpi
974 1416 1206 1466 calamoque
1232 1415 1411 1456 revincto

424 1480 673 1530 Impressum
702 1479 825 1520 labiis
853 1479 1014 1519 acidum
1035 1481 1183 1529 potare.
1205 1491 1396 1529 saporem.

314 1542 429 1582 Haec
470 1556 547 1582 vox
579 1555 683 1593 quae
716 1542 819 1582 alibi
854 1542 969 1581 haud
1000 1544 1144 1590 exstat,
1190 1541 1300 1580 testis
1335 1544 1394 1580 est
1426 1544 1648 1580 ‘nostrum

208 1606 369 1646 codice
418 1619 594 1658 qraeco
648 1618 788 1646 usum
841 1617 952 1646 esse.
1027 1604 1144 1645 Itala
1189 1607 1228 1645 et
1280 1604 1456 1656 Vulqata
1500 1603 1649 1645 habent

211 1669 443 1722 «spouqia».
492 1671 556 1709 Ita
581 1669 796 1709 Gebserus.
843 1669 941 1709 Cum
970 1681 1012 1708 re
1041 1681 1138 1708 vera
1165 1681 1242 1708 vox
1275 1680 1496 1720 «spongus»
1519 1680 1647 1718 neque

206 1735 247 1773 in
268 1734 473 1774 codicibus
498 1737 591 1774 ante
611 1734 898 1785 Hieronymum
917 1745 1046 1784 neque
1066 1733 1106 1771 in
1121 1732 1295 1783 Vulgata
1313 1744 1442 1782 neque
1460 1743 1646 1782 umquam

208 1798 309 1838 alias
350 1799 391 1837 in
425 1799 567 1837 litteris
608 1797 743 1837 latinis
779 1798 1016 1848 inveniatur,
1059 1796 1261 1836 Gcbserus
1295 1799 1403 1835 recte
1439 1808 1646 1846 argumen-

207 1865 315 1902 tatus
351 1865 423 1901 est.
488 1862 576 1901 Vox
613 1861 829 1913 «spongia»
865 1862 906 1900 in
933 1872 1051 1900 versu
1084 1860 1317 1899 hexametro
1351 1858 1532 1899 adhiberi
1567 1871 1646 1898 non

206 1930 350 1978 potest,
370 1926 447 1965 nisi
467 1925 569 1965 forte
589 1926 856 1965 nominativus
876 1925 1089 1975 singularis
1107 1925 1276 1976 ponitur.
1311 1922 1393 1962 Sed
1412 1923 1452 1961 in
1471 1922 1646 1962 carmine

207 1988 463 2040 disquirendo
490 1990 570 2029 alia
598 1989 782 2040 exempla
810 1989 956 2040 inveni,
985 2000 1087 2038 quae
1115 1987 1206 2027 huic
1225 1987 1283 2026 rei
1303 1988 1536 2037 argumento
1555 1986 1644 2025 sint.

313 2157 337 2198 ¹)
361 2156 521 2189 Numeris
544 2166 628 2189 usus
653 2166 729 2189 sum
751 2156 926 2190 Huemeri.

313 2211 338 2251 ²)
361 2210 509 2243 Nomina
532 2220 652 2243 eorum
676 2210 733 2252 qui
756 2210 798 2243 de
822 2211 976 2243 Iuvenco
999 2209 1212 2251 scripserunt
1229 2208 1505 2250 scriptorumque
1520 2205 1644 2249 quibus

206 2263 250 2296 de
274 2272 315 2295 eo
340 2262 456 2305 agitur
477 2262 698 2304 reperiuntur
720 2262 755 2295 in
777 2261 831 2295 his
854 2262 969 2295 libris:

318 2317 351 2357 a)
375 2315 712 2358 Realenzyklopadie
741 2317 805 2359 fiir
826 2315 1118 2358 protestantische
1153 2315 1333 2358 Theoloyie
1363 2326 1398 2348 u.
1429 2312 1561 2347 Kirche
1585 2312 1646 2345 IX

376 2379 403 2402 s.
425 2379 455 2402 v.
479 2369 652 2402 Iuvencus
674 2368 913 2412 (Leimback),·

316 2422 354 2464 b)
376 2422 710 2463 Bardenhewer,
735 2421 949 2464 Patmloyie,
974 2421 1149 2465 Freiburg
1172 2422 1195 2455 i.
1219 2421 1284 2455 Br.
1310 2421 1393 2454 1901
1410 2430 1447 2462 p.
1471 2420 1553 2460 36&

320 2478 352 2518 c)
375 2476 530 2509 Martia
554 2475 736 2518 Schanz‚
764 2475 884 2510 Gesch.
906 2476 938 2509 d.
954 2478 1040 2510 rom.
1056 2475 1220 2509 Litterat.
1237 2474 1301 2508 IV.
1322 2474 1359 2507 T.
1376 2473 1414 2506 in
1427 2473 1644 2514 „Haudbuch

378 2529 439 2561 der
461 2529 583 2563 Klass.
607 2529 1064 2572 Altertumswissenschaft“
1093 2529 1195 2561 VIII.

312 2583 339 2623 ⁸)
370 2581 550 2622 Gebser,
591 2583 631 2616 de
672 2582 756 2616 Gaii
795 2582 899 2616 Vettii
934 2582 1094 2624 Aquilim'
1128 2580 1271 2615 Iuvenci
1310 2580 1384 2613 vita
1423 2581 1455 2613 ct
1494 2580 1643 2623 scriptis,

203 2636 314 2668 Jenae
339 2637 432 2667 1827.
