1800 2904
874 222 926 261 43

290 328 429 382 Apud
447 329 705 369 Iuvencum
723 328 1036 368 inveniuntur
1054 327 1396 367 additamenta
1416 336 1623 376 quoque,

186 405 307 445 quae
349 395 522 444 paucis
563 395 730 434 verbis
770 391 817 431 id
857 390 983 442 quod
1024 393 1236 443 sequitur
1289 392 1429 441 quasi
1478 401 1621 439 prae-

186 461 378 511 parant.
433 457 638 510 Exemplis
666 456 973 497 demonstretur:

343 523 485 562 Verbis
513 523 580 560 Lc.
606 522 626 560 I
654 522 697 560 7:
730 523 801 559 «et
825 533 911 559 nori
937 523 1028 560 erat
1053 520 1140 559 illis
1165 489 1292 568 filius,
1322 532 1365 558 eo
1392 517 1499 567 quod
1524 520 1625 556 esset

239 584 452 628 Elisabeth
478 583 630 625 sterilis
663 586 702 624 et
727 582 842 624 ambo
868 582 1073 635 proyressi
1100 585 1220 623 erant
1245 582 1293 623 iu
1321 581 1461 622 diebus
1488 580 1604 621 suis»

240 662 342 699 quae
369 650 564 688 Iuvencus
593 648 867 698 complectitur
894 659 1011 685 versu
1041 647 1060 685 I
1089 647 1126 696 8,
1155 646 1278 685 adicit
1306 659 1341 684 v.
1372 647 1395 683 9

295 710 535 752 «Gratius
561 712 617 750 ut
643 710 816 750 donum
843 708 939 749 iam
967 707 1344 759 desperantibus
1372 709 1540 757 esset»,

240 788 316 826 quo
345 774 495 814 indicat
522 773 740 813 Iohannem
767 773 890 811 nasci.

343 837 480 877 Simile
509 836 823 876 additamentum
851 835 1104 885 praecipiens
1139 838 1272 873 exstat
1305 834 1346 872 in
1373 833 1555 872 versibus
1585 833 1623 870 ΙΙ

241 899 407 952 739s40:

380 963 497 1002 «Illa
524 962 680 1001 cadunt
704 961 865 1001 diversa
892 961 973 1001 solo
1001 963 1220 1010 sortemque
1251 961 1423 999 locorum

404 1026 488 1065 Pro
515 1025 666 1065 virtute
691 1025 878 1076 ferunt».

240 1090 352 1128 Haec
380 1088 502 1128 verba
530 1091 773 1138 praeparant
802 1086 1099 1127 similitudinem
1123 1086 1173 1126 de
1194 1087 1434 1126 seminatore
1453 1090 1494 1125 et
1511 1086 1622 1125 vario

242 1164 338 1202 agro
367 1151 528 1201 dictam,
557 1162 659 1201 quae
689 1153 882 1190 tractatur
909 1150 1092 1190 versibus
1120 1150 1389 1201 sequentibus.

345 1215 409 1253 Ita
437 1226 500 1254 res
529 1226 572 1253 se
599 1213 722 1253 habet
749 1214 805 1253 IV
837 1212 1000 1264 169s70:

631 1306 639 1315 .
671 1291 681 1327 3
708 1288 781 1315 ‘nec
808 1279 969 1316 cunctos
996 1276 1067 1317 ille
1094 1276 1167 1317 sub
1196 1289 1284 1316 uua

552 1338 792 1380 Condwio‘ne
813 1342 1005 1391 premet»,

240 1416 341 1454 quae
375 1403 500 1443 verba
533 1406 716 1454 spectant
752 1394 817 1442 ad'
838 1404 962 1443 verba
989 1404 1101 1444 Mtth.
1131 1404 1267 1443 XXIV
1295 1403 1433 1454 40s41:
1472 1420 1488 1438 «
1506 1403 1621 1443 Tunc

241 1467 318 1507 duo
346 1469 469 1507 eruut
494 1466 542 1506 in
570 1479 667 1518 ayro
686 1479 796 1507 uuus
816 1467 1052 1508 adsumetur
1076 1470 1115 1507 et
1133 1468 1237 1508 alter
1255 1467 1512 1518 relinquetur
1533 1466 1617 1519 (40)

239 1531 336 1571 Duo
376 1533 499 1570 eruut
537 1530 583 1570 iu
627 1531 721 1570 lecto
764 1530 954 1581 iacentes,
1000 1543 1111 1571 unus
1157 1531 1383 1571 dimittetur
1428 1534 1466 1571 et
1511 1531 1620 1571 alius

241 1594 476 1635 adsumetur
505 1593 635 1646 (4l)»‚
674 1607 776 1645 quae
804 1594 1022 1634 redduntur
1049 1597 1089 1634 in
1117 1596 1279 1634 Iuvenci
1308 1609 1342 1634 v.
1375 1596 1445 1634 171
1486 1600 1525 1634 et
1560 1608 1620 1634 se-

239 1658 450 1708 quentibus
477 1658 668 1698 versibus.

291 1723 451 1772 Longe
504 1721 867 1772 frequentiores
926 1734 1062 1772 quam
1119 1722 1456 1762 additamenta
1511 1727 1619 1762 sunt

187 1787 631 1835 amplificationes,
661 1796 763 1834 quae
792 1789 834 1823 ut
863 1797 982 1836 supra
1011 1784 1106 1836 dixi,
1141 1789 1248 1824 sunt
1277 1789 1359 1824 aut
1387 1788 1618 1836 poeticae

188 1852 270 1887 aut
298 1851 584 1899 explicandi
614 1860 763 1888 causa
790 1850 968 1889 factae.

291 1912 406 1952 Nunc
456 1924 587 1963 pauca
645 1911 773 1951 dicam
833 1911 882 1951 de
941 1913 1127 1963 poeticis:
1187 1915 1619 1963 Ampiificationes

187 1978 419 2025 poeticae
448 1978 682 2014 exornant
709 1977 878 2016 verbis
906 1978 1135 2026 pluribus
1163 1975 1210 2015 id
1238 1976 1363 2026 quod
1393 1977 1450 2015 ab
1475 1989 1618 2016 evan-

184 2039 370 2088 gelista
398 2040 696 2088 simpliciter
724 2039 826 2078 sive
854 2051 948 2079 una
975 2052 1100 2080 voce
1131 2041 1233 2079 sive
1259 2043 1434 2089 paucis
1454 2042 1619 2079 verbis

186 2100 375 2141 dicitur.
432 2101 607 2149 Quarum
635 2101 987 2153 amplificationum
1022 2115 1208 2143 numerus
1241 2108 1301 2143 est
1329 2107 1410 2142 tam
1440 2116 1619 2155 magnus,

184 2168 226 2204 ut
259 2177 337 2204 non
373 2178 510 2206 omnes
547 2178 855 2206 commemorare
889 2168 1050 2217 possim.
1112 2168 1239 2207 Locos
1274 2169 1353 2207 iam
1386 2180 1411 2206 a
1439 2167 1618 2207 Maroldo

184 2231 377 2268 tiactatos
404 2232 625 2280 praetereo.

342 2292 428 2339 Quo
462 2293 550 2333 loco
585 2270 834 2344 evangelista
867 2295 998 2333 Lucas
1033 2298 1169 2333 nan-at
1197 2296 1327 2334 Iesum
1364 2308 1388 2334 a
1416 2296 1545 2335 Maria
1579 2301 1617 2335 et

237 2355 407 2408 Iosepho
436 2357 668 2408 parentibus
696 2358 855 2408 requiri,
890 2357 986 2397 dicit
1015 2358 1246 2409 simpliciter
1275 2360 1311 2397 ΙΙ
1340 2359 1391 2397 44
1423 2374 1456 2397 <<.
1480 2391 1486 2397 .
1511 2390 1518 2396 .
1541 2390 1547 2397 .
1578 2364 1616 2398 et

236 2419 563 2471 requirebant
588 2421 722 2461 inter
749 2424 978 2473 coqnatos
1012 2424 1058 2461 et
1089 2425 1268 2474 notos»,
1304 2435 1392 2462 cum
1422 2424 1617 2463 Iuvencus

235 2486 391 2535 poetice
419 2483 633 2536 amplificet
661 2486 680 2523 I
708 2484 785 2525 289
813 2497 892 2535 sq.:

266 2548 452 2589 «Illum
473 2561 559 2599 pet·
585 2548 716 2588 vicos
744 2547 884 2588 urbis
906 2562 1084 2599 perque
1113 2549 1285 2589 abdita
1314 2552 1441 2590 tecta

296 2613 471 2663 Pet-que
498 2610 642 2650 iteris
668 2613 863 2651 stratas
883 2625 956 2662 per·
983 2615 1096 2651 notos
1117 2626 1262 2664 pet-que
1285 2614 1519 2666 propinquos

297 2674 513 2717 Quaerebat
536 2674 764 2727 qe‘netrix».
