1800 2904
850 156 901 195 44

899 211 992 218 -ῄ-

210 262 263 300 Et
303 265 515 313 postquam
556 265 745 313 parentes
788 266 1050 314 reppererunt
1096 274 1282 314 puerum,
1331 261 1427 302 dicit
1471 262 1599 302 Maria

212 327 280 366 Lc.
310 326 351 365 II
379 326 449 365 48:
482 341 514 363 ‹<.
547 355 556 364 .
587 356 594 363 .
627 356 634 364 .
664 325 768 366 Ecce
789 328 911 377 pater
940 329 1035 367 tuus
1064 329 1103 367 et
1129 339 1197 378 eqo
1225 326 1452 367 dolentes
1478 338 1598 377 quae-

210 389 399 429 rebamus
427 391 508 440 te»,
543 401 663 439 quam
692 402 829 430 vocem
863 390 1147 431 «dolentes»
1185 394 1306 442 poeta
1340 391 1398 430 ita
1432 392 1600 430 exornat

212 453 232 491 I
261 451 426 503 296s97:

295 526 445 575 «Nate,
476 526 548 576 ait,
578 526 771 567 amissum
803 528 1022 568 lacrimis
1051 531 1087 567 te
1114 540 1264 578 quaero
1285 526 1516 578 profusis

327 589 500 630 Anaeia
527 602 618 630 cum
642 590 825 642 genitore
850 603 1084 643 qemens».

265 674 461 714 Matthaei
488 687 629 715 versus
648 676 703 715 IV
724 676 746 715 5
776 676 915 727 incipit
945 688 968 715 a
995 675 1189 715 vocabulo
1219 675 1389 727 simplici
1417 676 1594 714 «tunc»

160 737 266 788 quod
294 739 492 778 Iuvencus
519 738 738 790 amplificat
766 739 785 777 I
814 737 1007 789 382s383:

242 816 469 857 «Rursus
497 820 549 857 at
574 817 667 858 ille
694 818 825 858 dolos
851 818 1073 858 versutis
1101 816 1298 858 artibus
1325 819 1506 867 aptans

273 879 476 920 Nectere
506 883 764 932 temptator
786 884 1023 932 properat
1050 912 1057 919 .
1091 912 1098 919 .
1131 913 1137 920 .
1169 897 1202 919 .»

319 965 405 1012 Quo
433 967 473 1004 in
503 978 620 1005 versu
648 967 689 1005 II
718 967 768 1006 50
807 966 1129 1017 «Scindebatque
1157 978 1333 1017 qraves
1366 967 1420 1005 ut
1456 965 1599 1005 lanea

211 1028 311 1080 fila
344 1031 573 1069 catenas»
615 1032 848 1070 «catenas
879 1042 1103 1082 9raves»,
1145 1041 1245 1080 quas
1285 1029 1401 1068 homo
1444 1042 1469 1068 a
1503 1028 1596 1068 dae-

213 1092 396 1132 monibus
415 1097 620 1144 correptus
639 1093 861 1144 scindebat,
890 1097 1096 1144 comparat
1118 1101 1216 1132 cum·
1230 1092 1424 1132 «laneis
1442 1091 1597 1143 filis»,

212 1156 346 1205 imago
381 1159 469 1195 orta
505 1160 566 1195 est
594 1169 616 1195 e
644 1160 788 1207 poetae
822 1157 994 1207 ingenio.
1023 1179 1077 1184 —
1104 1154 1256 1196 Eodem
1285 1154 1402 1195 modo
1431 1157 1598 1195 exornat

213 1219 409 1258 Iuvencus
437 1232 500 1258 vv.
529 1220 568 1258 II
600 1219 827 1259 142—144:

268 1292 524 1344 «Praeceptis
546 1296 700 1345 parent
725 1294 891 1334 iuvenes
918 1293 1131 1345 undasque
1158 1294 1355 1333 coronant

296 1355 500 1407 Conpletis
530 1358 651 1398 labiis
681 1358 886 1409 lapidum;
916 1360 1011 1397 tum
1037 1370 1200 1407 spuma
1223 1370 1311 1407 per
1338 1369 1449 1396 oras

294 1418 584 1461 Conmix-tas
612 1421 760 1461 undis
789 1433 943 1461 auras
972 1421 1030 1461 ad
1056 1432 1239 1460 summa
1265 1420 1502 1460 volutat».

213 1494 487 1544 evangelistae
507 1495 591 1535 Ioh.
612 1497 736 1536 verba
751 1497 791 1535 II
806 1498 847 1536 7:
871 1512 888 1532 «
900 1499 940 1536 et
952 1496 1222 1546 impleverunt
1238 1507 1306 1534 eas
1326 1493 1398 1546 (sc.
1414 1494 1595 1546 hydrias)

213 1569 368 1606 usque
397 1558 458 1597 ad
484 1570 539 1597 su
553 1571 769 1598 mmum».
801 1582 850 1586 —
880 1559 994 1606 Quod
1023 1558 1130 1610 apud
1159 1558 1242 1598 Ioh.
1264 1558 1319 1597 IV
1339 1558 1389 1596 50
1419 1557 1598 1597 Christus

215 1621 449 1671 simpliciter
482 1622 655 1671 loquitur
691 1622 743 1661 ad
778 1623 1045 1661 centurionem
1091 1620 1249 1661 «Vade
1287 1620 1442 1672 filius
1484 1623 1598 1667 tuus

211 1683 338 1722 vivit
366 1715 372 1722 .
405 1714 412 1722 .
445 1715 452 1722 .
485 1700 534 1735 .»‚
563 1685 780 1736 amplificat
808 1685 1005 1725 Iuvencus
1033 1685 1072 1724 II
1101 1684 1268 1735 337s38:

243 1779 274 1801 «.
346 1794 353 1800 .
387 1795 395 1813 ‚
424 1764 506 1803 sed
526 1777 674 1816 perye
702 1768 747 1804 et
773 1764 952 1815 sospite
978 1764 1084 1805 vita

272 1826 489 1867 Aedibus
517 1827 571 1867 in
598 1828 777 1868 vestris
806 1829 990 1869 dulcem
1018 1828 1332 1879 complectere
1358 1830 1567 1868 natum».

266 1912 382 1959 Quod
418 1912 515 1952 dicit
542 1914 771 1953 Matthaeus
798 1914 879 1952 XII
909 1915 978 1953 30:
1017 1913 1141 1961 «Qui
1172 1925 1268 1952 non
1302 1915 1371 1952 est
1403 1925 1595 1961 mecum,

159 1976 396 2015 adversus
423 1988 489 2015 me
517 1978 629 2027 est»,
658 1977 856 2016 Iuvencus
884 1977 986 2016 bene
1015 1976 1189 2028 explicat
1218 1976 1257 2015 II
1286 1974 1452 2026 619s20:

241 2050 488 2100 «Quisque
516 2051 632 2090 meis
661 2051 827 2091 aberit
853 2050 1098 2091 discretus
1124 2049 1265 2090 miles
1293 2049 1351 2089 ab
1381 2050 1532 2089 armis

272 2113 445 2153 Hostis
472 2114 526 2153 in
554 2114 758 2154 adversa
785 2114 1021 2154 consistet
1045 2114 1211 2165 fronte
1239 2112 1441 2164 duelli»,

159 2189 375 2239 imaginem
406 2187 602 2228 adhibens
631 2201 750 2238 quam
779 2201 800 2227 e
830 2188 949 2227 rebus
978 2187 1215 2227 militaribus
1243 2187 1395 2238 petivit.

265 2274 484 2314 Exornatio
533 2275 693 2325 poetica
740 2274 963 2313 clarissima
1010 2276 1071 2313 est
1117 2272 1301 2318 vocabuli
1343 2272 1594 2312 «saltare»

158 2337 271 2376 Mtth.
292 2337 389 2376 XIV
409 2337 449 2377 6:
480 2336 574 2388 (Die
604 2341 736 2376 autem
765 2337 891 2376 natali
920 2336 1102 2376 Herodes
1129 2334 1598 2375 saltavitHerodiadis

158 2400 241 2439 filia
269 2401 310 2439 in
339 2401 520 2439 convivio
551 2431 559 2440 .
589 2430 597 2438 .
629 2430 637 2438 .
669 2399 710 2451 .),
740 2412 841 2450 quae
870 2400 1069 2439 invenitur
1097 2399 1159 2438 III
1188 2397 1328 2450 56s57:

247 2480 328 2520 «In
356 2480 483 2520 medio
511 2480 697 2520 iuvenem
723 2479 893 2532 reyinae
920 2479 1012 2529 filia
1038 2479 1152 2531 virqo

272 2544 508 2584 Alternos
539 2545 750 2584 laterum
777 2544 1006 2584 celerans
1032 2543 1319 2584 sinuamine
1344 2545 1516 2592 motus,

273 2607 569 2658 Conpositas
596 2611 749 2648 cantu
776 2607 946 2659 iunyit
971 2608 1257 2648 modulante
1285 2606 1525 2647 choreas».
