1800 2904
886 156 938 196 48

181 262 320 302 omnia
347 261 471 301 verba
500 261 597 301 haec
616 261 664 301 in
682 261 798 301 corde
815 273 915 300 sno»
947 262 1171 311 transponit
1189 262 1385 303 Iuvencus
1404 264 1623 303 sententias

181 325 332 365 similes
360 326 416 363 ita
445 326 689 374 coniungens
717 324 736 362 I
766 323 998 362 302—306:

181 399 249 439 Le.
270 399 309 438 II
330 399 376 438 51
411 416 459 430 z
492 397 637 437 «Haec
665 397 728 437 ait
754 399 792 436 et
815 409 998 448 yressum
1024 396 1152 437 sociat
1171 398 1434 449 patriamque
1460 399 1624 448 revisit,-

179 474 246 512 Lc.
268 474 376 512 1150
407 490 455 505 =
484 471 567 511 Nee
592 471 781 522 qenetriae
810 471 920 511 tanti
941 472 1145 521 persensit
1163 473 1348 522 pondera
1375 473 1499 522 verbi,

466 545 639 585 'Ordine
666 548 814 585 cuncta
844 548 978 585 tamen
1005 546 1135 585 cordis
1162 549 1313 586 secreta
1340 550 1560 587 reservant.

179 609 245 648 Lc.
266 609 307 647 II
328 610 375 648 51
400 627 449 642 =
483 609 542 648 At
562 622 668 659 puer
694 609 893 659 obsequiis
921 612 1011 659 apte
1031 610 1322 659 praedulcibus
1350 610 1483 650 ambos

484 672 551 712 Ad
574 672 787 723 proprium
813 685 965 723 semper
992 685 1132 724 coqens
1159 672 1343 713 nectebat
1369 686 1577 714 amorem.»

179 744 277 784 Cum
307 746 557 795 evangelista
586 747 722 797 verba,
759 759 862 797 quae
897 748 1054 798 proprie
1084 752 1175 786 sunt
1203 748 1501 798 coniungenda:
1534 747 1622 787 «Et

178 807 258 858 ipsi
285 820 370 848 non
397 808 707 859 intellexerant,
737 810 843 860 quod
872 810 1027 850 locutus
1054 813 1114 850 est
1140 810 1194 850 ad
1219 810 1312 850 illos
1333 810 1422 858 (Lc.
1444 810 1504 850 II
1518 811 1616 858 50)»

179 877 218 910 et
255 871 344 910 «Et
376 874 507 912 mater
543 872 630 913 eius
670 873 933 913 conservabat
966 873 1104 913 omnia
1136 873 1258 913 verba
1295 873 1391 914 haec
1425 874 1473 914 in
1505 875 1621 914 corde

177 947 249 974 suo
268 934 356 984 (Lc.
378 934 437 973 II
452 935 521 985 51)
534 952 568 987 »,
597 935 756 975 dirimat
784 937 917 976 verbis
946 938 1164 976 interiectis
1190 936 1278 976 «E't
1296 937 1524 977 descendit.
1547 968 1555 975 .
1578 968 1585 975 .
1610 968 1618 976 .

178 1000 269 1037 erat
295 997 483 1038 subditus
517 998 605 1039 illis
617 1015 649 1051 »,
685 1000 886 1052 componit
920 1011 969 1038 ea
1003 1000 1212 1050 Iuvencus,
1248 1012 1350 1050 quae
1387 1001 1619 1052 compositio

178 1061 302 1101 efficit
331 1063 617 1101 sententiarum
647 1063 949 1115 dispositionem
979 1063 1276 1113 elegantiorem.

285 1137 345 1177 Ne
375 1138 551 1177 narratio
583 1138 783 1178 «asinae
812 1141 859 1177 et
886 1137 1035 1189 pulli»
1067 1139 1388 1190 interrumpatur,
1424 1139 1619 1179 Iuvencus

177 1202 401 1250 transponit
429 1201 703 1250 evangelistae
732 1213 871 1242 versus
899 1201 1012 1240 Mtth.
1042 1201 1142 1239 XXI
1173 1202 1301 1239 1—10
1329 1202 1405 1240 ita:
1435 1201 1619 1252 Incipit

177 1275 202 1301 a
230 1274 374 1301 versu
403 1263 554 1313 primo
585 1261 659 1314 (1),
687 1267 784 1302 tum
813 1267 1079 1315 sequuntur
1104 1275 1274 1303 versus
1294 1263 1331 1315 2,
1355 1264 1391 1314 3,
1412 1266 1504 1302 tum
1523 1263 1560 1315 6,
1581 1265 1618 1314 7,

177 1325 287 1364 dein
299 1325 354 1364 de
384 1326 421 1376 4,
451 1326 487 1376 5,
515 1325 553 1377 8,
582 1327 619 1376 9,
654 1327 711 1364 lO.
776 1327 994 1377 Postquam
1022 1328 1127 1366 enim
1161 1326 1410 1376 evangelista
1442 1328 1619 1366 narravit

175 1401 238 1426 vv.
272 1389 373 1426 1—3
409 1388 625 1440 discipulos
660 1390 815 1428 asinam
850 1393 891 1429 et
924 1389 1073 1441 pullum
1107 1388 1308 1428 adducere
1343 1390 1474 1429 iussos
1515 1400 1617 1440 esse,

175 1452 315 1491 inserit
355 1464 459 1491 nune
501 1451 722 1503 prophetae
759 1452 884 1492 verba
924 1453 965 1493 in
1006 1465 1068 1494 vv.
1106 1453 1131 1491 4
1167 1456 1207 1492 et
1241 1453 1277 1492 5.
1346 1453 1447 1492 Tum
1488 1454 1619 1503 pergit

175 1527 239 1554 VV.
275 1515 299 1554 6
335 1518 374 1554 et
409 1514 433 1552 7
469 1527 637 1554 narrans
673 1515 890 1567 discipulos
927 1517 1080 1559 asinam
1116 1520 1156 1556 et
1190 1515 1337 1568 pullum
1377 1517 1507 1556 iussos
1548 1515 1618 1556 ad·

176 1577 335 1629 ducere,
379 1582 418 1617 et
451 1580 492 1617 in
520 1585 582 1617 vv.
612 1579 744 1617 8-10
777 1592 850 1619 nos
885 1581 1075 1624 certiores
1111 1579 1208 1619 facit
1244 1578 1295 1619 de
1327 1580 1418 1619 Iesu
1457 1580 1618 1619 introitu

176 1641 342 1681 solemni
386 1641 605 1681 Ierusalem
653 1642 693 1680 in
740 1642 879 1682 urbem
923 1642 1042 1683 iacto.
1114 1641 1195 1682 Sed
1236 1642 1433 1683 Iuvencus
1481 1645 1618 1682 narrat

174 1706 342 1755 primum
377 1706 533 1744 asinam
569 1708 608 1744 et
642 1706 791 1756 pullum
828 1705 1043 1757 discipulos
1077 1705 1278 1746 adducere
1313 1718 1338 1745 a
1365 1706 1457 1745 Iesu
1490 1706 1616 1745 iuberi

175 1779 323 1818 eosque
366 1769 450 1807 eius
492 1767 684 1808 mandata
720 1769 898 1819 exsequi,
941 1780 1044 1819 quae
1078 1769 1211 1809 omnia
1244 1769 1447 1808 continent
1478 1780 1617 1809 versus

174 1831 287 1871 Mtth.
322 1831 422 1870 XXI
458 1831 493 1881 2,
527 1831 565 1882 3,
601 1833 637 1883 6,
673 1832 696 1870 7
734 1850 781 1865 z
822 1832 906 1871 Iuv.
942 1832 1004 1871 III
1038 1832 1269 1885 625-6323
1312 1831 1457 1872 deinde
1500 1832 1618 1872 affert

173 1893 393 1944 prophetae
428 1895 552 1933 verba
588 1896 628 1932 in
662 1908 724 1935 vv,
760 1895 971 1934 633-635
1008 1913 1056 1927 =
1092 1896 1204 1935 Mtth.
1241 1895 1341 1934 XXI
1375 1895 1412 1947 4,
1448 1897 1493 1947 53
1534 1901 1616 1934 tum

173 1960 311 1995 narrat
344 1957 436 1997 Iesu
478 1958 681 1997 introitum
724 1957 940 1997 solemnem
975 1958 1183 1999 635—641
1223 1976 1271 1992 =
1307 1957 1421 1997 Mtth.
1450 1957 1550 1997 XXI
1577 1957 1616 2008 8,

173 2020 208 2057 9.
234 2020 291 2058 10.
340 2021 452 2059 Haec
481 2032 666 2059 versuum
694 2023 951 2071 transpositio
979 2026 1018 2060 et
1038 2021 1245 2072 dispositio
1265 2025 1357 2061 sunt
1375 2020 1615 2061 laudandae.

280 2094 520 2133 Iuvencus
561 2095 825 2145 praecipue
873 2095 942 2134 eis
983 2106 1172 2145 quoque
1220 2094 1347 2135 locis
1392 2106 1615 2135 versuum

171 2160 605 2207 transpositiones
641 2160 740 2198 sibi
776 2161 943 2205 sumit,
983 2160 1162 2208 quibus
1201 2161 1400 2199 exstant
1433 2160 1615 2199 breves

173 2224 435 2261 orationes
473 2224 518 2261 et
550 2223 932 2271 responsiones.
989 2221 1103 2268 Quod
1138 2222 1226 2261 volo
1263 2222 1457 2274 exemplis
1492 2222 1615 2260 mani-

173 2283 317 2323 festum
348 2285 435 2323 fiat:

279 2347 499 2398 Iohannes,
543 2360 619 2397 quo
662 2349 702 2387 in
745 2349 831 2388 loco
874 2349 929 2387 IV
972 2349 1023 2387 47
1066 2361 1124 2398 sq.
1167 2352 1304 2388 narrat
1345 2348 1613 2388 centurionem

172 2424 196 2449 a
224 2411 317 2449 Iesu
346 2415 483 2461 petere
517 2410 588 2449 filii
624 2412 886 2462 sanationem,
921 2411 1020 2450 facit
1053 2412 1185 2450 Iesum
1213 2411 1440 2461 loquentem
1476 2423 1512 2450 v.
1542 2410 1612 2450 48:

174 2489 190 2508 «
204 2473 292 2513 Nisi
328 2473 449 2525 siqna
477 2476 516 2513 et
535 2473 728 2525 prodiqia
756 2474 942 2514 videritis
969 2486 1055 2514 non
1078 2473 1286 2523 creditis»,
1318 2473 1460 2524 quibus
1478 2473 1612 2514 verbis

170 2538 349 2577 centurio
369 2537 585 2589 respondet
604 2538 672 2578 49:
706 2554 722 2574 «
736 2538 913 2578 Domine
941 2538 1129 2578 descende
1144 2537 1391 2588 priusquam
1411 2537 1615 2579 moriatur

169 2600 284 2649 filias
310 2613 468 2651 meus»,
504 2601 647 2651 quibus
680 2603 822 2641 iterum
851 2601 1030 2641 Christus
1066 2601 1189 2641 refert
1217 2601 1286 2640 50:
1326 2616 1342 2636 «
1363 2600 1470 2641 Vade
1500 2600 1615 2650 filius
