1800 2904
864 230 913 269 75

418 335 513 375 Iuv.
558 336 619 392 Ιῌ
665 335 832 388 631s32:
862 335 1108 376 adducunt
1141 335 1332 387 mollique
1357 348 1478 386 super
1504 335 1611 375 vela-

863 399 972 439 mine
999 399 1119 439 vestis

862 463 1143 503 insternunt
1189 464 1354 514 pullum
1401 462 1612 513 placidum

858 527 1131 578 praebentque
1158 528 1386 567 sedendum.

334 603 483 642 Horum
520 603 788 654 exemplorum
821 614 1006 642 numerus
1041 606 1100 641 est
1140 612 1169 641 t.
1236 602 1343 652 Ergo
1379 603 1419 640 in
1457 613 1611 641 summa

231 667 422 706 habemus
442 666 492 706 35
513 668 561 714 -Ι-
582 666 606 705 8
627 667 674 714 —i—
696 666 719 704 7
739 666 923 716 exempla
942 684 990 698 =
1011 666 1072 705 50.
1120 667 1166 704 In
1191 666 1399 705 duodecim
1420 665 1611 704 Aeneidis

230 730 340 769 libris
362 727 531 768 Kvibala
542 728 571 781 1)
602 730 751 768 invenit
783 729 857 768 112
877 729 1071 780 exempla.
1119 730 1225 768 Inter
1254 733 1443 768 centenos
1462 729 1612 778 Vergili

230 784 368 833 versas
396 793 647 831 inveniuntur
678 793 752 844 1‚1,
781 794 884 831 inter
911 792 1074 831 totidem
1104 794 1263 832 Iuvenei
1295 794 1368 843 1,5.

207 878 252 917 V.
281 878 429 916 Fines
456 889 678 916 versuum
709 876 905 916 duorum
937 877 1009 916 vel
1038 877 1240 928 plurium
1270 878 1611 917 continuorum

281 941 408 979 fiunt
435 940 597 979 verbis
625 939 803 979 finitis:

336 1014 377 1067 a)
406 1015 579 1054 Verbis
608 1027 726 1064 quae
751 1028 835 1054 non
864 1014 1102 1057 similiter
1131 1014 1377 1054 desinunt:

407 1089 542 1139 Verg.
572 1089 626 1128 VI
655 1089 732 1128 379
761 1101 837 1139 sq.:
869 1120 876 1127 .
908 1119 914 1126 .
947 1120 954 1127 .
986 1119 993 1126 .
1023 1101 1130 1128 ossa
1152 1088 1373 1138 piabunt

944 1182 952 1190 .
983 1181 991 1190 .
1021 1151 1216 1192 solemnia
1244 1152 1446 1192 mittent

409 1225 526 1275 Verg.
568 1225 624 1264 IV
653 1225 729 1264 243
759 1238 834 1275 sq.:
866 1256 873 1263 .
906 1256 913 1263 .
944 1254 952 1263 .
984 1255 991 1263 .
1021 1225 1179 1264 mittit

864 1319 872 1326 .
904 1320 912 1328 .
944 1320 950 1325 .
982 1317 990 1326 .
1019 1288 1251 1340 resiqnat

865 1382 874 1391 .
905 1383 912 1390 .
943 1383 950 1390 .
982 1381 991 1390 .
1022 1354 1198 1391 tranat

864 1447 871 1454 .
904 1447 911 1453 .
945 1447 950 1453 .
983 1447 990 1454 .
1021 1415 1184 1455 cernit

865 1510 911 1536 ·.·
943 1510 950 1517 .
982 1510 989 1517 .
1020 1479 1175 1531 fulcit

410 1553 506 1592 Iuv.
536 1553 555 1592 I
585 1552 725 1604 95s96:
864 1565 1099 1603 suppressae
1126 1553 1231 1593 vocis
1244 1553 1482 1604 pavitantia
1502 1554 1610 1594 dicta

863 1617 1074 1656 volutat:

864 1678 1110 1731 Maqnificas
1127 1680 1266 1720 laudes
1281 1680 1446 1720 animus
1454 1683 1608 1732 yrates-

863 1756 938 1794 que
963 1757 987 1783 r
993 1756 1045 1794 ep
1052 1757 1072 1783 e
1081 1758 1112 1784 n
1120 1744 1146 1783 d
1154 1744 1169 1783 i
1180 1746 1195 1783 t

409 1819 490 1857 Iuv.
522 1819 538 1856 l
568 1816 644 1857 462
673 1829 728 1868 sq.
751 1830 826 1868 sq.:
856 1817 976 1857 illum
1035 1830 1134 1857 nam
1192 1818 1345 1858 domini
1405 1817 1610 1859 miseratio

866 1882 984 1933 larya
1010 1882 1236 1922 manebit.

864 1945 1021 1985 Felices
1055 1960 1162 1996 puro
1204 1947 1274 1997 qui
1307 1947 1463 1987 caelum
1496 1948 1610 1987 corde

866 2012 1084 2061 tuentur,

871 2073 1051 2113 Visibilis
1094 2074 1189 2114 deus
1230 2074 1294 2113 his
1327 2088 1403 2125 per
1446 2076 1611 2115 saecula

863 2139 1011 2177 cuncta
1031 2137 1234 2188 patebit.

863 2200 1058 2250 Pacificos
1087 2202 1183 2241 deus
1216 2202 1261 2241 in
1289 2214 1505 2242 numerum
1531 2203 1610 2242 sibi

857 2264 988 2315 prolis
1015 2264 1226 2315 adoptat.

335 2340 531 2380 Numerus
559 2340 841 2392 exemplorum,
870 2340 909 2378 in
939 2339 1079 2389 quibus
1109 2339 1272 2379 duorum
1301 2352 1485 2379 versuum
1510 2341 1609 2380 fines

230 2403 326 2443 fiunt
359 2403 504 2454 verbis,
548 2408 608 2443 est
642 2404 713 2455 703
754 2405 794 2442 in
830 2403 972 2454 quibus
1007 2404 1123 2442 trium
1158 2415 1341 2442 versuum
1377 2403 1476 2444 fines
1512 2404 1608 2444 fiunt

231 2468 381 2519 verbis,
423 2470 484 2506 est
520 2468 587 2518 233
629 2469 670 2506 in
710 2468 853 2518 quibus
893 2471 1076 2518 quattuor
1117 2479 1300 2507 versuum
1343 2470 1473 2508 exitus
1511 2469 1608 2508 fiunt

229 2531 374 2582 verbis,
403 2534 464 2571 est
492 2532 535 2581 53
563 2532 734 2581 quinque
762 2543 959 2582 versuum,
988 2534 1048 2570 est
1080 2532 1095 2569 1
1129 2531 1186 2582 (II
1214 2530 1290 2569 663
1321 2531 1397 2583 sq.)

284 2694 309 2734 1)
331 2693 353 2725 l.
377 2703 405 2726 ο.
428 2704 461 2735 p.
485 2696 641 2729 285—87.
