1800 2904
852 145 903 186 42

207 250 412 300 Adripit
438 251 517 291 lios
537 263 816 302 pronosque
845 251 1006 291 trahit
1031 252 1170 291 velut
1195 251 1402 302 impetus
1435 250 1596 291 amnis

207 313 310 353 Aut
337 314 502 354 alacer
527 314 725 365 sonipes
751 315 917 366 ruptis
944 316 1176 367 effrenus
1204 314 1427 365 habenis,

207 377 307 417 Aut
332 378 540 418 rectoris
567 390 708 430 eyens
735 381 937 419 ventosa
958 392 1045 430 per
1074 391 1285 431 aequora
1306 379 1525 431 puppis.»

312 453 398 493 Hoc
440 452 563 494 adicit
597 453 743 494 Christi
781 455 915 495 verbis
959 454 1140 495 dulcibus
1181 454 1257 494 VII
1295 455 1341 493 13
1376 467 1449 506 sq„
1490 467 1593 504 quae

205 518 403 555 Iuvencus
422 516 529 555 haud
548 518 652 555 male
672 516 804 556 reddit
822 518 840 556 I
859 517 1081 558 679—684.
1119 517 1243 556 Recte
1260 516 1592 569 Sabatierus1)

206 579 373 620 adnotat
409 579 461 620 ad
502 580 591 621 illos
632 593 771 621 versus
804 580 1031 621 685—689:
1076 581 1165 620 «At
1202 580 1346 621 horum
1384 580 1595 631 vestiyiwm

203 642 359 681 nullibi
387 643 497 682 alias
523 643 758 692 reperimus,
788 646 838 682 ut
853 656 945 682 vero
963 643 1095 682 simile
1115 643 1280 682 omnino
1297 643 1353 682 sit
1370 642 1594 690 Iuvencum

204 704 250 745 in
279 705 513 757 arqumenti
543 705 786 746 tractatione
816 706 985 747 liberius
1003 706 1275 746 ewmorrisse».
1322 707 1490 752 Etiamsi
1509 718 1592 745 rem

204 770 333 819 ipsam
376 781 397 808 e
431 773 551 820 poeta
592 770 725 820 aliquo
767 771 1027 810 Iuvencum
1070 771 1286 821 sumpsisse
1329 769 1591 809 demonstrari

203 844 282 871 non
316 835 461 884 potest,
497 835 632 872 tamen
666 845 821 884 pauca
855 834 1006 873 verba
1040 845 1062 872 e
1095 833 1315 884 Vergilio
1351 826 1591 885 petivisse

205 900 434 947 apparet,
464 896 585 935 veluti
618 896 867 947 «sonipes»
905 910 977 948 pro
1016 909 1192 947 «equo»
1231 900 1272 935 et
1299 898 1340 935 in
1368 908 1485 936 versu
1514 896 1592 936 689

126 970 132 973 ·
203 959 339 998 verba·
364 962 596 999 «ventosa
623 972 711 1009 per
753 972 1012 1010 aequora»,
1055 972 1157 1010 quae
1199 963 1409 999 occurrunt
1449 958 1590 999 iisdem

202 1034 342 1062 versus
370 1022 540 1073 pedibus
573 1022 717 1073 Geor-g.
748 1023 766 1061 I
796 1023 872 1062 206
902 1027 942 1062 et
968 1024 1067 1062 Aen.
1097 1023 1152 1062 VI
1181 1023 1271 1063 335.
1327 1022 1425 1062 Cum
1459 1023 1591 1062 verbis

206 1084 401 1135 «ruptis
437 1116 444 1123 .
476 1116 484 1124 .
517 1116 523 1122 .
556 1116 562 1122 .
602 1086 836 1126 habenis»
882 1086 1053 1126 conferri
1102 1090 1234 1137 potest
1271 1086 1368 1125 Aen.
1413 1086 1472 1125 XI
1513 1086 1589 1125 600

206 1164 238 1185 «.
270 1179 279 1187 .
311 1179 318 1187 .
351 1148 575 1198 ‚pressis
604 1180 611 1187 .
643 1178 651 1187 .
683 1179 691 1187 .
724 1181 730 1188 .
763 1149 1015 1190 habenis».

310 1224 353 1261 In
383 1222 484 1261 libro
512 1223 562 1261 ΙΙ.
594 1227 754 1262 exstant
781 1236 921 1263 versus
950 1222 1091 1274 65s66:

206 1313 222 1332 «
235 1296 438 1347 Iamque
468 1297 678 1337 hominis
696 1297 948 1349 stupidum
967 1298 1166 1345 decusso
1184 1297 1409 1338 daemone
1421 1300 1590 1348 pectus

237 1361 509 1410 Insperata
537 1373 653 1401 suae
679 1364 949 1401 veneratur
977 1362 1105 1401 dona
1132 1360 1366 1411 salutis»,

203 1436 268 1486 qui
296 1449 319 1475 a
355 1439 476 1487 poeta
509 1437 728 1476 narrationi
765 1436 903 1476 inserti
940 1439 1041 1475 sunt.
1098 1436 1201 1475 Nam
1236 1434 1333 1474 nihil
1368 1435 1495 1475 simile
1531 1436 1587 1474 in-
1646 1431 1648 1433 ’

200 1501 357 1538 venitur
386 1499 494 1551 apud
522 1500 700 1539 Marcum
729 1499 776 1550 V,
811 1511 928 1549 quem
957 1499 1030 1538 hoc
1058 1499 1145 1538 loco
1173 1498 1370 1539 Iuvencus
1398 1500 1586 1549 sequitur,

200 1566 244 1601 ut
279 1575 400 1614 supra
436 1562 492 1615 (p.
534 1563 705 1613 18—21)
739 1563 1110 1603 demonstravimus.
1172 1563 1369 1602 Iuvencus
1410 1565 1587 1612 sequitur

199 1626 274 1665 hoc
302 1627 389 1665 loco
419 1626 578 1665 modum
614 1630 757 1678 poetae
792 1627 907 1678 epici,
942 1627 1008 1677 qui
1043 1625 1221 1677 singulas
1255 1638 1320 1666 res
1353 1616 1586 1678 copiose'et

200 1689 287 1729 fuse
317 1689 520 1730 describit.

251 1763 320 1802 Ad
374 1763 708 1803 additamenta
761 1777 784 1803 a
830 1764 1039 1803 Iuvenco
1093 1766 1383 1814 explicandi
1438 1775 1587 1805 causa

146 1827 297 1878 facta,
338 1840 456 1878 quae
491 1829 582 1867 iam
618 1827 910 1879 Maroldus2)
946 1829 1360 1878 commemoravit,
1394 1840 1585 1879 appono

145 1890 232 1930 hoe
261 1903 400 1929 unum
429 1891 448 1929 Ι
478 1890 644 1942 257s58:

336 1981 352 1999 «
365 1964 424 2003 At
449 1965 564 2016 ferus
592 1965 774 2004 Herodes
801 1964 960 2004 sibimet
985 1964 1191 2004 succedere
1218 1964 1356 2013 credit,

368 2028 492 2076 Quem
520 2029 674 2068 callens
702 2028 826 2067 astris
854 2027 1075 2077 quaesisset
1100 2040 1201 2067 cura
1230 2027 1490 2079 Mayorum»,

143 2103 286 2153 quibus
320 2103 502 2143 versibus
538 2103 735 2142 Iuvencus
775 2102 987 2142 infantium
1022 2101 1187 2142 caedem
1223 2106 1456 2152 argumento
1493 2116 1582 2143 con—

84 2163 87 2165 ’
142 2167 300 2205 firmare
334 2167 508 2206 voluisse
540 2167 635 2205 mihi
670 2165 836 2205 videtur.
902 2165 1018 2212 Quod
1051 2165 1232 2205 Herodes
1266 2166 1490 2217 verebatur,
1533 2178 1582 2205 ne

143 2230 323 2270 Christus
352 2230 427 2270 sibi
457 2232 568 2281 regni
594 2230 830 2281 dignitatem
851 2229 1058 2281 adimeret,
1088 2242 1226 2269 omnes
1246 2229 1583 2282 infantespueros

141 2293 310 2333 interfici
339 2295 507 2345 iussim).

249 2453 273 2491 ¹)
298 2451 516 2491 Sabatier,
547 2451 747 2484 Bibliorum
777 2462 957 2483 sacrorum
980 2451 1112 2484 latinae
1135 2452 1311 2484 versiones
1333 2450 1499 2492 antiquae
1522 2461 1583 2484 seu

141 2507 236 2538 vetus
260 2504 399 2544 Italica,
423 2506 501 2538 tom.
526 2506 601 2538 tert.
619 2516 656 2547 p.
679 2508 730 2539 41.

247 2560 261 2579 2

245 2562 272 2652 ’ζ
297 2559 430 2644 decilapc
453 2560 557 2643 {eggefi
584 2611 840 2644 «Rheinisches
862 2611 1052 2644 Museum»
1079 2614 1131 2653 54,
1153 2613 1227 2652 474,
1255 2614 1279 2644 l.
