1800 2904
870 147 922 187 54

295 254 586 297 Matthaeus
619 255 728 297 XX.
1081 254 1335 296 Iuvencus
1369 254 1458 295 111.

169 337 205 368 7:
228 334 413 367 Diaeerunt
436 334 479 368 ei:
510 335 642 378 «Quia
664 345 762 369 nemo
786 345 861 368 nos
924 336 1125 371 567—-5692
1187 333 1339 375 Aiunt,
1394 334 1613 368 conductoris

213 388 449 422 conduaeit.»
507 389 609 422 Dicit
645 389 736 422 illis:
776 389 860 422 «Ite
1053 388 1159 430 quod
1175 389 1367 431 praecepta
1389 388 1579 431 fuissent

214 443 246 474 et
274 452 344 482 vos,
380 442 618 484 operamini
651 442 690 475 in
724 442 861 475 vineam
924 441 1035 476 Nulla
1063 440 1140 475 sibi,
1190 441 1400 475 Dominus
1428 452 1509 475 mox
1538 441 1614 474 hos

214 505 355 528 meam.»
1053 494 1260 528 insistere
1283 494 1362 527 ruri

929 548 1025 580 Tunc
1048 547 1153 580 etiam
1175 547 1189 580 i
1198 558 1223 580 w
1230 557 1248 580 8
1254 558 1272 580 s
1280 546 1294 580 i
1301 549 1324 581 t.

171 623 205 655 8:
231 646 238 654 .
255 647 262 654 .
280 646 287 654 .
304 646 312 654 .
335 621 422 654 dicit
444 621 607 655 dominus
633 621 756 655 vineae
778 633 862 664 pro·
926 622 1063 664 570l71:
1088 621 1329 664 Praecipit,
1354 623 1399 654 ut
1419 621 1533 654 cuncti
1548 632 1614 654 ca-

215 674 372 707 curatori
402 685 481 708 suo:
517 689 530 703 «
542 675 595 708 Vo
603 685 620 707 c
628 686 648 708 a
682 675 863 717 operarios
1047 686 1074 717 p
1083 686 1100 708 e
1108 686 1150 708 re
1159 676 1204 708 nt
1225 674 1392 708 mercedis
1415 675 1577 708 honorem

215 729 247 759 et
283 739 302 759 r
309 738 325 760 e
334 728 356 760 d
363 728 386 761 d
393 739 409 760 e
448 728 522 761 illis
558 728 747 761 mercedem
756 754 765 769 ,
809 728 862 762 in·
927 728 1077 771 Aequali
1085 739 1104 771 q
1112 739 1135 761 u
1142 739 1158 761 e
1218 738 1335 762 omnes
1384 739 1411 771 p
1420 739 1438 762 o
1446 729 1514 761 rta
1521 739 1541 760 r
1549 739 1565 761 e
1573 729 1617 761 nt

215 780 346 823 cipiens
383 792 406 814 α
442 781 631 815 novissimo
669 792 777 825 usque
817 783 863 816 ad
1049 782 1212 825 praemia
1235 792 1384 816 nummo.

209 834 375 877 primos.»

280 915 361 955 Sed
390 918 533 968 postea
562 917 707 956 retinet
735 917 931 957 Iuvencus
959 919 1070 956 recta
1095 916 1219 956 verba
1238 928 1372 956 eorum
1393 928 1616 968 operarum,

174 981 239 1030 qui
269 983 497 1031 queruntur,
534 992 590 1032 se,
626 993 868 1031 quamquam
902 993 927 1020 a
960 981 1090 1032 prima
1123 980 1211 1020 luce
1244 992 1370 1030 usque
1404 979 1457 1019 ad
1492 980 1616 1021 solem

173 1042 422 1083 occidentem
451 1044 757 1094 laboravissent,
787 1043 1021 1084 tantundem
1058 1045 1214 1095 argenti
1250 1044 1455 1095 accepisse
1492 1056 1614 1095 quan-

173 1111 255 1146 tum
285 1109 351 1158 qui
379 1120 500 1147 unam
528 1108 666 1148 horam
694 1108 987 1148 laboravissent
1007 1107 1106 1161 (12),
1136 1111 1175 1147 et
1204 1120 1306 1158 quae
1325 1107 1617 1159 paterfamilias

173 1171 251 1210 illis
293 1171 509 1223 respondet
551 1173 731 1212 oratione
773 1176 895 1211 recta.
964 1172 1172 1212 Facillime
1217 1172 1502 1224 intellegimus,
1548 1183 1617 1211 cur

173 1234 369 1275 Iuvencus
402 1235 461 1275 ita
494 1236 631 1286 egerit.
693 1235 767 1276 His
802 1236 906 1275 enim
941 1235 1075 1275 verbis
1110 1234 1311 1287 dependet
1346 1238 1431 1275 tota
1471 1236 1616 1286 imago,

175 1310 278 1348 quae
307 1299 487 1339 oratione
516 1302 627 1339 recta
655 1298 815 1339 reddita
842 1299 966 1339 multo
1001 1300 1130 1350 magis
1163 1300 1376 1351 perspicua
1409 1303 1470 1339 est
1498 1312 1616 1350 quam

174 1364 354 1402 oratione
383 1362 545 1414 obliqua
573 1375 778 1414 expressa.

281 1425 433 1473 Quodsi
470 1427 709 1478 quaerimus,
751 1438 821 1467 cur
856 1427 1054 1467 Iuvencus
1094 1426 1326 1478 plerumque
1366 1426 1441 1467 has
1474 1426 1617 1467 breves

174 1491 376 1530 orationes
411 1493 543 1530 rectas
578 1490 718 1530 fecerit
751 1490 946 1541 obliquas,
989 1493 1035 1530 id
1075 1493 1258 1531 fecisse
1294 1493 1515 1539 videtur,
1557 1502 1615 1530 ne

174 1556 399 1595 laederet
441 1557 676 1595 carminis
719 1557 851 1604 epici
895 1556 989 1594 vim
1040 1557 1086 1595 et
1135 1557 1381 1601 naturam,
1429 1565 1530 1604 quae
1576 1555 1615 1593 in

173 1619 402 1657 narratione
431 1622 624 1657 versatur.

282 1692 458 1744 Semel,
486 1693 582 1732 nisi
612 1691 776 1743 fallor,
803 1695 949 1743 poeta
977 1690 1044 1742 id,
1074 1690 1196 1742 quod
1225 1691 1281 1731 ab
1306 1691 1616 1742 evangelista

175 1759 425 1807 narratur,
462 1758 612 1795 mutat
647 1756 884 1796 oratione.
939 1755 1070 1795 Locus
1106 1758 1167 1796 est
1195 1754 1277 1795 hic:
1312 1754 1478 1795 Matth.
1509 1755 1615 1795 XVI

175 1820 231 1860 20
260 1823 307 1860 et
335 1819 412 1861 21:

336 1910 353 1930 «
369 1894 486 1935 Tunc
506 1894 715 1945 praecepit
742 1894 953 1944 discipulis
987 1894 1086 1946 suis,
1121 1907 1173 1934 ne
1201 1894 1269 1935 cui
1297 1894 1487 1944 dicerent,
1518 1894 1617 1945 quia

227 1958 311 2008 ipse
339 1961 399 1997 est
427 1957 616 1998 Christus
644 1958 755 2005 (20).
815 1957 886 1997 Ex
918 1957 991 1997 illo
1019 1956 1083 1997 die
1109 1957 1235 2009 coepit
1266 1956 1384 1998 Iesus
1412 1957 1615 1999 ostendere

229 2021 441 2073 discipulis
467 2021 566 2071 suis,
597 2021 697 2072 quia
723 2023 919 2071 oporteret
944 2021 1065 2061 illum
1092 2021 1154 2062 irc
1181 2021 1228 2061 in
1253 2021 1549 2073 Hierosolyma,
1579 2024 1617 2061 et

227 2086 360 2125 multa
386 2084 480 2135 pati
514 2097 540 2124 a
574 2084 813 2134 senioribus,
851 2087 890 2124 ct
913 2084 1175 2135 principibus
1201 2085 1463 2135 sacerdotum,
1500 2087 1539 2124 ct
1565 2084 1615 2124 ab

227 2147 383 2198 scribis,
401 2150 440 2188 et
452 2147 588 2200 occidi,
605 2150 644 2187 et
663 2147 785 2188 tertia
800 2147 863 2187 die
878 2159 1133 2200 resuryere»,
1155 2160 1258 2199 quae
1277 2148 1401 2188 verba
1421 2149 1615 2204 Iuvencus

229 2213 409 2252 oratione
438 2215 549 2251 recta
578 2210 702 2251 adicit
729 2211 862 2251 verbis
884 2211 1031 2251 Christi
1059 2213 1179 2251 rectis
1208 2211 1537 2251 antecedentibus
1555 2212 1615 2250 III

229 2276 451 2316 287—295.
515 2274 634 2315 Haud
669 2276 752 2315 scio
786 2287 838 2314 an
866 2275 1063 2315 Iuvencus
1092 2279 1310 2316 commotus
1343 2276 1407 2326 sit,
1441 2277 1485 2314 ut
1513 2274 1615 2315 hanc

229 2341 498 2380 narrationem
527 2339 669 2379 fecerit
697 2340 929 2389 orationem,
963 2339 1079 2378 Mtth.
1109 2339 1195 2379 loco
1223 2339 1302 2378 XX
1342 2340 1389 2394 18
1424 2351 1495 2390 sq.,
1538 2351 1614 2390 quo

230 2402 371 2442 eadem
406 2403 490 2443 fere
524 2403 649 2442 verba
681 2401 891 2441 traduntur
926 2403 1105 2442 oratione
1140 2406 1262 2443 recta.
1325 2401 1451 2449 Quem
1485 2402 1613 2442 locum

229 2467 309 2506 XX
342 2467 389 2506 18
417 2479 474 2518 sq.
505 2470 653 2507 tractat
679 2467 763 2507 Iuv.
792 2465 855 2505 III
884 2465 1105 2506 586—589.

282 2541 416 2581 Nunc
435 2553 585 2592 pauca
604 2529 753 2580 verba
773 2539 1033 2592 faciamus,
1053 2553 1146 2591 qua
1164 2541 1356 2580 ratione
1377 2540 1614 2581 Iuvencus

178 2604 542 2655 evangeliorum
564 2605 809 2656 syntaxim
830 2605 1136 2644 tractaverit.
1183 2604 1614 2656 Evangelistaemagis
