1800 2904
865 201 915 239 35

277 311 843 362 Versu-praetermisso,
878 318 1085 356 quocum
1121 308 1209 346 alii
1239 308 1537 352 cohaerent,
1566 308 1613 345 1ιί

174 375 262 413 alii
292 375 509 413 iuvenco
537 375 653 413 sunt
680 372 1135 423 praetermittendi.

333 446 430 486 Cum
458 447 653 486 Iuvencus
680 445 764 486 Ioh.
785 458 822 485 v.
843 446 903 484 III
923 444 973 483 22
1012 443 1140 483 «Post
1166 443 1263 483 haec
1283 442 1404 482 ¹vertit
1429 442 1550 482 Jesus
1578 445 1616 481 et

227 510 417 562 discipali
445 510 532 550 eius
558 510 604 550 in
623 509 824 550 Iudaeam
853 511 1025 549 terram:
1055 510 1095 547 et
1110 506 1199 547 illic
1219 505 1507 547 demorabatur
1523 518 1615 545 cum

227 574 283 615 eis
318 577 356 615 et
389 574 649 625 baptizabat»
694 586 773 614 non
812 574 1014 625 respiciat,
1058 572 1094 611 ei
1136 569 1481 623 praetermittendi
1522 574 1613 609 sunt

226 651 364 679 versus
393 651 547 689 quoque
574 638 657 678 Ioh.
677 638 732 677 IV
755 638 771 676 l
795 640 834 676 et
854 636 878 676 2
910 652 927 672 «
947 635 999 675 Ut
1025 649 1116 687 erqo
1144 634 1327 687 coqnovit
1352 634 1482 684 Iesm,
1512 633 1612 684 quia

227 701 452 742 audierunt
476 700 708 750 Pharisaei,
746 700 859 751 qaia·
873 699 991 740 Iesus
1018 700 1162 749 plures
1196 699 1413 749 discipulos
1442 697 1549 749 facit
1574 700 1613 736 et

225 764 354 817 mayis
397 763 630 815 baptizabat
668 776 790 815 quam
831 762 1041 803 Iohannes
1083 762 1163 815 (1),
1206 774 1453 813 quamquam
1493 760 1612 801 Iesus

224 841 307 869 ‘non
351 828 585 879 baptizaret,
626 828 695 867 sed
736 826 926 877 discipuli
968 826 1055 866 eius
1081 825 1154 877 ’(2)
1162 842 1196 876 »,
1238 827 1305 876 qui
1347 825 1515 865 redeunt
1557 824 1611 863 ad

224 892 307 932 Ioh.
336 892 396 931 III
423 891 486 930 22.

329 964 525 1012 Quoniam
553 966 748 1005 Iuvencus
775 964 889 1004 Mtth.
918 975 1057 1003 versus
1085 963 1185 1002 XXI
1214 962 1264 1001 42
1303 962 1410 1002 «Ait
1437 960 1499 1002 ad'
1520 962 1611 1003 illos

226 1028 362 1068 Iesus:
391 1027 587 1078 Lapidem
615 1041 730 1078 quem
747 1026 1069 1078 reprobaverunt
1087 1025 1360 1075 aedificanteS,
1392 1025 1458 1065 hic
1474 1026 1611 1077 factus

224 1094 284 1131 est
308 1091 355 1131 iri
383 1093 506 1141 caput
533 1090 709 1142 anquli»
740 1091 936 1130 rationem
956 1102 1034 1129 non
1054 1089 1175 1140 ducit,
1203 1101 1360 1128 versum
1382 1101 1538 1139 quoque
1559 1090 1610 1127 44

227 1169 244 1188 <<
258 1156 298 1193 et
323 1153 394 1204 qui
422 1152 609 1193 ceciderit
633 1165 754 1204 super
789 1152 962 1204 lapidem
995 1152 1120 1192 istum
1154 1152 1456 1204 co‘nfririyetur:
1489 1165 1610 1203 super

224 1229 340 1268 quem
366 1229 459 1257 vero
486 1216 682 1269 ceciderit,
713 1219 889 1257 conteret
914 1229 1032 1257 eum»
1065 1217 1192 1257 omitti
1221 1228 1387 1256 necesse
1416 1220 1513 1256 erat.

275 1292 537 1331 Iuvencum
579 1303 747 1332 versus
782 1292 1106 1344 praeteriisse
1142 1293 1255 1343 puto
1291 1291 1403 1342 quia
1438 1294 1605 1332 versui

170 1357 461 1396 hexametro
490 1357 617 1396 haud
646 1358 821 1396 idonei
841 1358 1002 1402 erant,
1031 1356 1295 1406 praecipue
1316 1366 1396 1394 eos
1416 1367 1606 1406 versus,

169 1419 249 1468 qui
278 1418 424 1457 multa
451 1419 647 1458 nomina
673 1419 870 1471 propria
898 1419 1170 1458 continent:

327 1491 599 1530 Intelleximus
627 1491 731 1531 hanc
759 1492 885 1532 fuisse
913 1482 1033 1532 unam
1062 1491 1112 1530 de
1137 1490 1293 1531 duabus
1313 1493 1444 1532 causis
1464 1492 1607 1542 quibus

221 1558 424 1605 permotus
440 1555 635 1595 Iuvencus
649 1554 761 1594 Mtth.
779 1558 900 1607 caput
913 1556 1083 1607 primum
1097 1555 1378 1606 praetermisit.
1403 1554 1607 1596 Maroldus

221 1617 338 1657 affert
360 1617 526 1657 alterum
546 1619 784 1670 exemplum,
804 1618 917 1658 Mtth.
939 1619 978 1657 X
999 1618 1116 1670 2-4,
1135 1620 1176 1657 in
1195 1631 1272 1669 quo
1294 1620 1428 1658 insunt
1445 1620 1606 1659 nomina

222 1679 502 1732 discipulorum
522 1682 624 1721 Iesu.
665 1681 777 1722 Idem
796 1682 1041 1733 intellegitur
1059 1694 1081 1721 e
1101 1681 1213 1721 Mtth.
1234 1682 1392 1722 XXVII
1412 1682 1462 1722 56
1483 1686 1523 1722 et
1540 1683 1603 1722 61.

273 1756 515 1796 Iuvencus
531 1747 947 1808 fugitplerumque
966 1759 1299 1808 repetitiones
1318 1759 1458 1798 unius
1479 1760 1605 1798 eius-

168 1820 377 1868 demque
419 1822 504 1859 rei.
566 1820 612 1858 In
654 1820 788 1859 bibliis
829 1822 955 1860 sacris
997 1824 1037 1859 et
1078 1822 1165 1872 ipso
1208 1822 1247 1859 in
1282 1821 1491 1871 evangelio
1526 1834 1604 1860 uno

168 1882 402 1932 saepissime
431 1894 550 1920 unum
579 1881 763 1933 idemque
791 1885 920 1935 repeti
948 1896 1065 1924 nemo
1094 1888 1155 1924 est
1179 1886 1397 1935 qui‘neget.
1427 1908 1476 1912 —
1506 1885 1604 1924 Cum

166 1943 251 1983 fieri
278 1958 358 1984 non
384 1946 523 1997 possit,
560 1949 603 1985 ut
638 1948 771 1986 omnia
808 1947 992 1999 exempla
1027 1948 1208 1999 afferam,
1244 1961 1265 1987 e
1294 1951 1406 1988 tanto
1441 1961 1603 1988 numero

166 2019 296 2057 pauca
323 2009 561 2058 gravissima
588 2010 808 2060 proferam:

323 2082 456 2121 Lucae
491 2095 527 2121 v.
557 2082 597 2121 II
631 2083 682 2122 52
719 2082 867 2124 «Iesus
897 2083 1133 2134 proficiebat
1164 2087 1295 2125 aetate
1328 2088 1368 2125 et
1399 2085 1602 2136 sapientia

218 2145 258 2182 et
280 2144 420 2194 qratia
449 2146 559 2195 apud
586 2146 703 2185 deum
724 2149 763 2185 et
779 2146 984 2186 hommes»
1017 2148 1210 2187 Iuvencus
1230 2160 1308 2187 non
1328 2149 1406 2187 iam
1427 2150 1601 2200 respicit,

218 2206 323 2256 quod
351 2207 419 2246 Lc.
448 2221 484 2249 v,
514 2209 553 2247 II
581 2209 644 2260 40,
679 2210 719 2248 in
753 2222 830 2260 quo
865 2210 970 2249 idem
1006 2210 1091 2250 fere
1125 2211 1269 2261 legitur
1306 2225 1433 2262 «puer
1467 2215 1602 2253 autem

217 2269 416 2310 crescebat
449 2273 487 2310 et
520 2272 828 2324 confortabatur
862 2273 1067 2324 sapientia
1101 2277 1140 2313 et
1162 2274 1304 2325 qratia
1333 2275 1485 2316 domini
1513 2280 1603 2317 erat

216 2345 306 2372 cum
332 2333 450 2383 illo»,
478 2335 518 2372 in
547 2347 608 2374 vv.
638 2336 657 2374 Ι
686 2335 896 2375 278-280
925 2337 1151 2388 explicavit.

309 2396 548 2447 ‘Matthaeus
576 2399 790 2438 memoriae
819 2399 942 2438 tradit
970 2399 1124 2439 duobus
1152 2400 1252 2441 locis
1283 2402 1419 2453 verba,
1456 2403 1600 2453 quibus

217 2457 395 2499 Christus
425 2459 630 2512 discipulis
659 2463 741 2502 suis
768 2466 1009 2513 potestatem
1037 2468 1292 2514 peccatorum
1319 2466 1598 2506 solvendorum

216 2524 285 2558 aut
313 2522 561 2571 ligandorum
597 2524 745 2576 tribuit,
775 2528 814 2563 et
842 2526 937 2564 XVI
968 2526 1016 2563 19
1052 2529 1091 2564 et
1118 2526 1256 2565 XVIII
1286 2527 1347 2567 18.
1404 2530 1599 2568 Iuvencus

215 2594 303 2622 cum
323 2597 502 2632 ‚versum
536 2586 631 2626 XVI
669 2587 716 2626 19
756 2588 1018 2639 explicaverit
1050 2590 1110 2628 III
1144 2588 1369 2643 284—287,
1395 2593 1599 2643 praeterit

152 2665 156 2669 ·
214 2645 342 2684 locum
370 2648 508 2689 XVIII
540 2650 599 2699 18,
629 2651 694 2700 qui
724 2650 975 2700 quaerendus
1004 2656 1065 2690 est
1092 2656 1182 2703 post
1211 2665 1246 2691 v.
1278 2654 1338 2692 III
1367 2653 1455 2693 429.

1304 2716 1347 2751 3*
