1800 2904
836 229 887 269 33

145 335 438 386 Maroldus1)
472 335 618 387 optime
652 335 851 386 disseruit,
886 335 998 374 cuius
1033 334 1157 375 verba
1190 333 1291 374 haec
1326 337 1435 374 sunt:
1481 333 1587 386 „Die

147 399 389 452 Genealoqie
415 400 546 441 stellte
577 400 624 441 in
657 413 712 440 zu
739 397 999 440 ostentat-iver
1037 398 1158 439 Weise
1193 398 1270 440 den
1300 398 1490 441 Heilarid
1522 399 1587 438 als

143 477 238 504 eum
257 463 476 515 jadischen
503 463 621 504 Volke
645 462 812 515 yehiiriy
841 462 929 511 dar,
959 461 1028 502 ein
1047 460 1196 502 Remer
1214 461 1322 513 aber,
1352 462 1423 502 der
1450 461 1586 502 seiner

144 526 301 568 Nat-ion
340 526 416 567 ihre
457 527 520 567 als
554 526 699 578 Stifter
734 526 816 566 der*
837 524 1102 565 christlichen
1134 524 1327 577 Religion
1362 525 1585 566 darstellen

144 590 233 631 und
258 590 316 631 sie
340 591 414 642 fa'r
439 590 513 630 ih‘n
542 589 761 642 beyeister‘n
788 589 929 638 wollte,
960 588 1070 628 hatte
1097 588 1155 628 sie
1181 588 1373 629 vielmehr
1398 588 1583 629 dadarch

143 653 326 707 eaqleich
365 651 738 705 earfflckyestossenfl
810 652 865 692 Ut
904 651 1005 692 fides
1045 652 1169 692 verba
1212 656 1418 704 sequatur,
1465 652 1584 692 affert

143 717 346 758 Maroldus
374 717 454 756 alia
483 717 668 767 exempla
695 728 798 766 quae
826 716 1114 766 praetermitto.

250 781 311 820 Ex
340 779 481 820 eadem
511 791 647 831 causa,
681 790 759 829 qua
786 779 983 818 Iuvencus
1009 778 1102 817 Iesu
1130 778 1276 818 Christi
1304 778 1584 829 genealogiam

144 845 299 894 omittit,
327 843 568 894 praeterit
595 841 839 881 interdum
868 853 955 882 eos
984 853 1175 898 quoque
1204 844 1370 887 locos,
1407 842 1583 891 quibus

144 908 458 956 antiquorum
510 907 867 955 prophetarum
921 905 1076 943 verba
1137 906 1193 944 ab
1254 906 1582 955 evangelistis

143 972 385 1016 citantur,
428 969 596 1019 quibus
638 968 710 1006 illi
753 971 1027 1007 monstrent
1068 968 1180 1006 Iesu
1219 967 1405 1007 Christi
1447 967 1584 1006 facta

143 1044 409 1082 congruere
451 1043 551 1070 cum
591 1029 939 1081 prophetarum
981 1028 1266 1069 Iudaeorum
1309 1031 1582 1081 vaticiniis,

143 1095 387 1135 Christum
415 1107 529 1144 ergo
558 1106 666 1133 esse
694 1105 884 1132 revera
902 1093 1129 1132 Messiam
1157 1095 1453 1144 promissum.
1501 1092 1582 1132 Sed

141 1162 236 1210 puto
269 1161 429 1210 poetam
455 1157 530 1197 hoc
563 1168 610 1196 eo
644 1168 800 1207 quoque
835 1155 999 1195 consilio
1033 1154 1193 1207 fecisse,
1228 1168 1278 1195 ne
1312 1157 1581 1196 narrationem

141 1223 445 1273 interrumperet
485 1220 600 1271 locis,
642 1219 785 1270 quibus
828 1219 989 1258 minime
1032 1218 1084 1258 ad
1117 1231 1256 1259 versus
1291 1219 1582 1271 intellegendos

141 1297 241 1336 opus
276 1289 338 1324 est
373 1288 412 1324 et
447 1285 514 1334 qui
548 1286 760 1334 praeterea
793 1282 844 1321 ab
875 1281 1125 1332 evangelista
1161 1284 1261 1334 ipso,
1295 1287 1339 1321 ut
1371 1284 1451 1322 iam
1486 1282 1581 1333 dixi,

141 1346 399 1387 confirmandi
433 1358 556 1386 causa
591 1344 717 1385 additi
754 1348 855 1385 sunt.
919 1343 1034 1392 Quod
1076 1344 1158 1383 dixi
1203 1346 1449 1396 argumentis
1490 1358 1580 1385 con-

140 1410 334 1451 firmetur:

297 1474 425 1514 Versu
465 1474 561 1513 VIII
607 1472 654 1512 16
696 1471 828 1523 prodit
868 1471 1096 1512 Matthaeus
1139 1473 1292 1524 Iesum,
1333 1476 1377 1512 ut
1418 1474 1579 1513 Iuvenci

191 1537 324 1576 verbis
343 1537 383 1576 II
402 1537 439 1588 4,
459 1537 482 1574 5
502 1539 605 1587 utar,
636 1535 806 1575 «maltos
826 1535 1007 1575 homines
1023 1535 1170 1576 mentis
1194 1535 1390 1587 lanquore
1416 1539 1581 1576 ruentes

192 1598 487 1650 Devinctosqae
518 1598 701 1639 animam
734 1597 969 1649 furibunda
997 1598 1201 1638 daemonis
1229 1602 1344 1639 arte»
1376 1601 1578 1639 curavisse

192 1666 232 1701 et
259 1661 383 1702 adicit
409 1663 450 1701 in
478 1675 514 1701 v.
547 1662 594 1700 17
628 1664 700 1701 «ut
726 1661 1083 1712 adimpleretur
1111 1662 1216 1712 quod
1243 1661 1393 1702 dictum
1421 1665 1479 1702 est
1503 1675 1579 1713 per

190 1724 362 1765 Esaiam
370 1724 610 1775 prophetam
624 1723 839 1764 dicentem:
860 1723 954 1775 Ipse
973 1723 1236 1774 infirmitates
1253 1727 1416 1765 nostras
1430 1725 1582 1776 aceepit

191 1787 530 1841 etaeqrotatiories
537 1790 702 1829 nostras
704 1787 926 1839 portavit».
948 1789 1142 1828 Iuvencus
1157 1792 1291 1829 autem
1307 1789 1411 1829 hunc
1419 1802 1579 1830 versum

195 1853 242 1892 17
262 1853 508 1904 praeteriens
534 1852 666 1903 pergit
684 1855 777 1903 post
795 1851 907 1891 Mtth.
929 1865 965 1891 v.
987 1852 1086 1892 VIII
1107 1853 1155 1891 16
1176 1854 1310 1893 statim
1340 1865 1429 1892 cum
1456 1866 1493 1892 v.
1517 1854 1577 1895 18.

297 1915 406 1956 Idem
435 1916 669 1956 observatur
696 1916 738 1954 in
765 1914 880 1954 Mtth.
901 1928 965 1955 vv.
984 1915 1065 1955 XII
1088 1916 1254 1968 16—21‚
1283 1917 1350 1967 qui
1378 1918 1580 1957 continent

190 1980 336 2020 Esaiae
364 1980 595 2020 vaticinium
627 1981 716 2018 «at
741 1978 1039 2029 impleretur
1066 1980 1172 2029 qaod
1198 1980 1350 2020 dictum
1388 1983 1478 2020 erat
1503 1994 1580 2031 per

190 2042 364 2083 Esaiam
386 2043 621 2094 prophetam
650 2040 845 2082 dicentem
865 2071 874 2080 .
896 2073 903 2080 .
926 2072 935 2081 .
957 2058 990 2083 .»
1040 2042 1122 2082 Sed
1151 2055 1240 2083 cum
1267 2044 1497 2083 vaticinium
1527 2044 1578 2083 ab

190 2106 497 2156 evangelista
544 2106 668 2156 ipso,
720 2117 815 2144 non
864 2117 889 2144 a
937 2105 1130 2145 Christo
1182 2106 1315 2146 verbis
1367 2107 1578 2157 inseratur,

188 2169 384 2208 Iuvencus
411 2167 451 2207 id
480 2180 559 2208 non
587 2168 763 2219 respicit.
818 2167 1083 2208 Desideratur
1110 2171 1202 2220 post
1232 2181 1264 2207 v.
1295 2169 1335 2208 II
1363 2168 1454 2210 601.

294 2232 510 2281 Postquam
556 2232 752 2271 Iuvencus
799 2232 855 2271 IV
900 2231 1125 2271 660—664
1169 2232 1386 2283 explicavit
1437 2244 1577 2272 versus

189 2295 302 2334 Mtth.
323 2294 480 2333 XXVII
500 2294 550 2334 35
574 2295 698 2334 verba
728 2297 962 2345 «postquam
990 2297 1125 2335 autem
1150 2294 1448 2344 crucifixerunt
1473 2308 1577 2345 eum,

191 2357 421 2399 diviserwnt
446 2356 685 2399 vestimenta
712 2356 800 2398 eius
831 2360 976 2398 sortem
1002 2357 1249 2410 mittentes»,
1278 2359 1425 2399 omittit
1452 2359 1577 2399 verba

190 2422 410 2473 sequentia,
432 2433 535 2472 quae
553 2433 577 2460 e
589 2422 788 2472 psalmate
808 2420 890 2473 (68,
906 2420 974 2473 22)
992 2425 1080 2460 orta
1095 2426 1198 2472 sunt,
1221 2425 1292 2461 «ut
1308 2422 1578 2472 impleatur

190 2485 296 2537 qaod
323 2484 474 2526 dictwm
500 2485 560 2524 est
578 2496 655 2535 per
676 2482 934 2539 prophetam:
963 2483 1214 2525 Diviserwnt
1232 2483 1471 2526 vestimenta
1488 2498 1577 2526 mea

188 2549 269 2591 sibi
308 2552 348 2590 et
385 2561 505 2600 saper
543 2550 688 2588 vestem
726 2560 855 2588 meam
896 2547 1099 2588 miserant
1138 2551 1325 2589 sortem».
1389 2549 1470 2589 Sed
1512 2550 1576 2589 hic

222 2685 246 2726 ¹)
269 2684 290 2718 l.
315 2694 344 2718 c.
366 2695 399 2726 p.
423 2687 496 2720 331.

1305 2741 1325 2773 3
