1800 2904
888 212 911 227 ,-

892 226 904 250 Ι

238 319 412 361 textibus
431 318 565 358 latinis
584 318 763 358 redditur
783 317 1031 369 «praebe».
1074 317 1205 368 Atque
1233 317 1265 356 si
1294 315 1400 366 quod
1425 315 1621 355 Iuvencus

222 382 404 423 habetI
433 381 592 434 551s52:
1120 378 1126 382 “

361 445 443 486 «Ac
469 445 513 485 si
539 445 647 497 quis
667 448 828 497 partem
850 445 992 496 palma
1013 442 1322 495 percusserit
1348 441 1442 492 oris,

383 509 482 549 Mox
509 510 635 550 aliam
662 509 802 549 vultus
822 511 984 559 partem
1004 507 1242 558 praebere
1268 508 1485 548 memento»

236 585 509 626 comparamus
561 585 649 613 cum
700 575 811 612 textu
861 572 997 622 latino,
1044 583 1133 610 cum
1180 570 1321 610 eodem
1366 581 1444 609 non
1491 570 1620 620 magis

183 665 185 667 -
235 641 419 677 accurate
453 649 571 687 quam
605 636 840 676 vocabulum
876 635 1113 685 explicasse,
1149 637 1301 673 textum
1330 646 1424 684 ergo
1452 634 1619 673 latinum

234 701 346 752 sequi
375 703 555 752 apparet.

337 765 383 803 In
414 763 607 803 Matthaei
640 763 773 803 verbis
800 762 866 812 VI⁴
889 761 940 800 24
978 759 1125 803 «οὐδεὶς
1161 761 1313 799 δύναται,
1350 776 1382 799 κ.
1404 775 1436 800 τ.
1459 762 1516 800 λ.»
1554 773 1618 800 oc-

234 827 353 866 currit
386 826 621 866 vocabulum
658 823 958 865 «ἀνθέξεται»
998 822 1104 874 quod
1137 823 1342 865 codicibus
1369 824 1505 863 latinis
1533 836 1618 862 ver-

233 890 326 929 titur
345 889 434 929 aliis
452 902 523 941 per
545 887 870 929 «sustinebit»
893 886 982 927 aliis
1001 899 1072 938 per
1093 887 1388 937 «patietur».
1442 888 1617 927 Dubium

232 965 309 992 non
338 956 399 991 est
427 954 520 1002 quin
551 950 876 991 «sustinebit»
909 951 959 989 sit
984 951 1207 989 accuratior
1225 950 1447 989 translatio.
1503 950 1619 997 Quod

232 1016 427 1056 Iuvencus
459 1027 614 1069 quoque
647 1014 771 1054 habet
808 1013 1088 1064 «patietur»
1128 1014 1146 1053 I
1181 1013 1276 1054 627:
1324 1025 1421 1054 «uec
1455 1014 1619 1065 pariter

232 1078 437 1118 domiuum
481 1090 620 1118 servus
658 1077 885 1128 patietur
929 1079 1184 1128 utrumque»,
1238 1077 1473 1117 concludere
1526 1079 1619 1117 licet

232 1143 445 1182 Iuvencum
474 1143 531 1182 ita
557 1142 599 1181 in
626 1144 738 1181 textu
766 1141 889 1181 latino
917 1136 1076 1191 legisse.

335 1206 581 1245 Vocabulum
613 1206 879 1254 «ἀγνάφου»
910 1204 1023 1243 Mtth.
1044 1204 1103 1242 IX
1126 1205 1173 1242 16
1201 1206 1361 1255 proprie
1388 1205 1617 1255 significans

234 1268 471 1309 «noudum
515 1270 727 1308 curatus
762 1267 1052 1318 potitusque¹
1089 1279 1115 1307 a
1159 1267 1383 1319 fullone»
1438 1267 1618 1307 redditur

230 1331 433 1371 codicibus
466 1332 601 1370 latinis
636 1331 835 1370 adiectivo
872 1331 1092 1381 «rudis»,
1125 1331 1232 1380 quod
1266 1331 1375 1382 apud
1402 1333 1614 1371 Iuvencum

230 1406 384 1445 quoque
419 1395 563 1444 legitur
596 1395 635 1433 II
666 1395 741 1433 371*
788 1409 828 1433 «.
860 1425 867 1432 .
899 1425 907 1432 .
939 1424 946 1431 .
982 1393 1190 1434 rudibus
1224 1397 1374 1435 veteres
1406 1394 1616 1435 subtexere

173 1493 175 1496 ,
222 1469 386 1507 pannos
403 1456 621 1497 Vestibus».
657 1458 870 1497 Iuvencum
889 1456 931 1495 id
950 1469 972 1496 e
992 1460 1103 1496 textu
1123 1457 1247 1497 latino
1268 1459 1486 1508 sumpsisse
1505 1461 1614 1509 puto.

335 1520 446 1568 Quae
474 1533 552 1560 vox
583 1521 851 1572 «βιάζεται»
890 1521 1060 1560 occurrit
1088 1520 1196 1571 apud
1223 1520 1335 1560 Mtth.
1365 1521 1424 1560 XI
1455 1521 1515 1573 12,
1550 1534 1614 1561 co-

229 1584 382 1624 dicibus
410 1585 543 1630 latinis
572 1584 810 1624 convertitur
828 1583 919 1623 aliis
937 1583 1236 1623 accuratissime
1255 1596 1327 1636 per
1359 1584 1610 1636 «cogitur»

229 1648 318 1687 aliis
345 1649 474 1688 minus
502 1651 688 1687 accurate
716 1660 788 1699 per
824 1647 947 1687 «vim
977 1646 1218 1698 patitur».
1275 1647 1388 1694 Quod
1418 1650 1614 1688 Iuvencus

228 1712 396 1750 similem
424 1711 591 1763 praebet
619 1710 828 1761 eloquendi
863 1712 1067 1750 circuitum
1100 1726 1131 1748 «.
1155 1739 1163 1748 .
1186 1741 1193 1749 .
1216 1740 1223 1748 .
1250 1710 1342 1750 vim
1369 1711 1473 1751 caeli
1499 1712 1614 1763 reyia

228 1773 423 1825 sentit»,
451 1774 559 1813 illam
588 1773 773 1814 effectam
802 1785 890 1813 esse
918 1777 1030 1813 textu
1055 1774 1139 1813 eius
1158 1774 1282 1814 latino
1300 1775 1514 1814 verisimile
1539 1778 1611 1815 est.

332 1837 466 1877 Verba
505 1836 617 1876 Mtth.
652 1837 747 1876 XIV
780 1837 831 1877 20
867 1837 1010 1887 «ἦραν
1049 1838 1095 1875 τὸ
1136 1838 1409 1887 περισσεύον
1440 1868 1449 1877 .
1486 1870 1493 1877 .
1530 1868 1539 1878 .
1578 1855 1610 1878 .>>

228 1901 349 1940 latine
386 1903 664 1940 convertuntur
698 1900 787 1939 aliis
821 1901 862 1939 in
896 1900 1100 1941 codicibus
1136 1905 1200 1940 «et
1234 1901 1462 1942 tulerunt
1493 1904 1612 1944 reli-

228 1964 397 2014 quias»
425 1964 514 2004 aliis
538 1967 602 2003 «et
616 1963 919 2015 colliqeruut
942 1978 1001 2004 r.»
1020 1966 1109 2005 aliis
1132 1969 1195 2004 «et
1216 1966 1528 2006 sustulerunt
1551 1981 1609 2006 r.»

228 2028 347 2068 Nulla
380 2030 440 2067 est
475 2026 670 2066 dubitatio
706 2028 799 2077 quin
834 2039 907 2078 per
944 2029 1234 2069 «tulerunt»
1276 2028 1446 2079 «ἦραν»
1485 2032 1613 2081 magis

230 2090 282 2130 ad
315 2091 478 2130 verbum
513 2089 777 2130 transferatur
810 2102 930 2141 quam
962 2104 1033 2143 per
1072 2091 1441 2143 «colliyerunt».
1498 2093 1612 2140 Quod

229 2153 335 2205 apud
354 2155 568 2193 Iuvencum
588 2153 718 2193 11189
746 2154 941 2205 reperitur
968 2154 1074 2195 idem
1100 2156 1185 2195 fere
1217 2155 1492 2206 «reliquias
1512 2187 1519 2194 .
1541 2186 1549 2195 .
1572 2188 1579 2194 .
1604 2189 1610 2194 .

231 2217 386 2269 leyere
426 2216 648 2268 ministri»,
690 2218 726 2257 is
766 2218 807 2256 in
827 2221 959 2258 .textu
1000 2219 1123 2259 latino
1167 2219 1295 2259 simile
1337 2219 1483 2270 legisse
1518 2221 1611 2259 mihi

227 2281 396 2322 videtun‘
456 2281 702 2321 Vocabulum
744 2281 911 2333 simplex
957 2282 1181 2334 «legere»
1219 2284 1412 2324 Iuvencus
1447 2283 1611 2324 adhibet

228 2346 402 2386 metricis
430 2346 561 2385 causis
588 2348 762 2385 coactus.

332 2408 524 2450 Matthaei
543 2409 668 2451 verba
686 2408 781 2448 XVI
801 2409 851 2449 22
883 2409 1049 2452 «ἵλεως
1079 2424 1137 2447 σοι
1166 2411 1291 2461 κύριε»
1324 2411 1506 2450 omnibus
1526 2411 1610 2450 fere

228 2474 268 2512 in
296 2472 500 2514 codicibus
526 2471 661 2512 latinis
688 2471 907 2512 redduntur
938 2472 1100 2513 «absit
1127 2485 1159 2514 'a
1194 2476 1237 2514 te
1248 2472 1317 2526 »1)‚
1352 2486 1454 2526 quae
1483 2478 1605 2515 trans-

282 2567 306 2607 ¹)
330 2566 364 2599 in
388 2567 509 2601 codice
532 2566 733 2600 Monacensi
756 2568 804 2609 (q)
831 2567 979 2600 vertitur
1003 2567 1047 2600 ad
1070 2568 1216 2602 verbum
1250 2569 1495 2611 «propitius
1522 2571 1608 2602 esto

159 2618 313 2653 'domine
347 2630 394 2653 sc.
430 2620 548 2663 deus»,
582 2619 635 2653 ed.
668 2619 703 2653 in
737 2620 852 2654 John
886 2621 1367 2665 Wordsworth-White,
1405 2623 1472 2657 Old
1500 2623 1610 2656 Latin

175 2672 330 2707 Biblical
356 2673 462 2708 Teaets
484 2674 561 2708 III.
