1800 2904
912 235 956 273 11

373 340 461 382 Vox
504 341 723 393 composita
768 340 1038 391 «ἐπιζητεῖ»
1082 339 1194 379 Mtth.
1237 338 1318 378 XII
1360 338 1412 379 39
1453 337 1649 377 Iuvencus

267 406 307 444 II
326 404 403 443 695
432 405 671 449 conveniens
699 416 786 444 cum
816 404 998 444 omnibus
1027 402 1231 442 codicibus
1259 402 1394 442 latinis
1421 414 1457 439 v.
1480 401 1648 451 simplici

271 467 548 520 «quaerit»,
583 480 632 508 ex
666 479 743 519 quo
777 479 973 508 consensu
1001 465 1205 507 conficitur
1233 469 1275 506 ut
1302 465 1500 505 Iuvencus
1528 465 1648 504 etiam

266 532 341 572 hoc
368 532 455 572 loco
483 535 635 572 textum
663 531 828 571 latinum
858 534 1056 581 sequatur.

319 596 502 647 Denique
530 595 649 635 liceat
677 594 772 634 mihi
801 593 879 634 duo
907 593 1092 645 exempla
1120 593 1278 644 afferre,
1308 604 1357 632 ex
1386 591 1530 642 quibus
1559 601 1650 629 mea

214 659 371 711 quidem
400 660 598 700 sententia
615 659 718 699 bene
738 658 980 708 intellegitur
999 658 1255 696 Iuvencum
1275 668 1364 695 uno
1384 654 1649 704 eodemque

212 716 316 763 loco
340 725 521 761 textum
547 725 593 761 et
616 733 837 772 graecum
854 724 902 761 et
921 721 1120 760 latinum
1139 720 1336 759 iunctim
1356 719 1648 771 inspexisse.

370 785 505 825 Verba
526 782 640 824 Mtth.
668 784 728 823 XI
747 784 797 824 25
828 784 1158 834 «ἐξομολογοῦμαί
1174 797 1232 821 σοι
1253 812 1262 822 .
1285 814 1292 820 .
1314 812 1324 821 .
1345 813 1367 834 .,
1397 782 1452 820 ὅτι
1481 781 1646 832 ἔκρυψας

267 850 382 886 ταῦτα
403 848 474 886 ἀπὸ
494 851 621 898 σοφῶν
642 878 650 885 .
673 880 682 888 .
703 878 711 887 .
731 876 740 886 .
761 847 823 885 καὶ
844 846 1088 896 ἀπεκάλυψας
1115 845 1209 884 αὐτὰ
1229 845 1443 896 νηπίοις»
1466 845 1649 884 omnibus

265 912 306 950 in
339 911 587 951 versionibus
619 910 755 950 latinis
793 908 1004 960 «confiteor
1039 908 1113 949 tibi
1148 940 1156 948 .
1186 940 1194 949 .
1226 940 1234 949 .
1267 940 1288 959 .,
1325 908 1425 960 quia
1459 908 1649 949 revelasti

266 987 313 1014 ea
333 974 613 1025 parvulis»,
642 987 666 1014 a
694 975 865 1014 Iuvenco
894 973 935 1013 II
964 973 1041 1013 548
1070 985 1148 1023 sq.:

348 1050 483 1079 «nunc
530 1037 604 1078 tibi
650 1037 837 1087 confiteor
875 1068 883 1076 .
923 1069 931 1077 .
968 1067 975 1076 .
1014 1068 1021 1074 .
1066 1037 1152 1076 550
1200 1036 1350 1077 Celasti
1390 1048 1505 1077 nunc
1545 1036 1650 1086 quod

370 1101 624 1152 sapientibus
651 1100 732 1141 ista
758 1099 942 1151 superbis
968 1099 1274 1151 Parvulaque
1300 1100 1561 1151 infantum
1587 1099 1649 1138 vis

372 1163 469 1205 haec
496 1163 765 1216 conprendere
791 1163 981 1213 corda»,

265 1227 494 1267 redduntur.
557 1227 666 1268 Satis
702 1239 897 1279 apparere
935 1230 1030 1278 puto
1064 1227 1226 1266 Iuvenci
1261 1226 1647 1266 circumlocutionem

265 1291 336 1330 niti
364 1292 405 1331 in
432 1294 544 1331 textu
572 1294 612 1331 et
630 1303 776 1342 graeco
797 1294 836 1331 et
854 1291 989 1331 latino.
1045 1290 1148 1331 Nam
1168 1302 1259 1330 cum
1276 1302 1354 1330 vox
1376 1290 1644 1341 «parvula»

266 1367 288 1394 e
312 1358 424 1394 textu
442 1354 566 1395 latino
585 1356 712 1407 petita
731 1367 820 1395 esse
839 1354 934 1393 mihi
953 1353 1148 1405 videatur,
1173 1365 1310 1393 vocem
1333 1353 1643 1406 «infantum»

266 1418 448 1457 existimo
464 1419 689 1457 accuratam
704 1429 793 1457 esse
809 1417 1108 1457 translationem
1120 1417 1231 1457 verbi
1244 1419 1379 1467 graeci
1397 1433 1414 1453 «
1426 1432 1474 1468 νη
1484 1418 1598 1460 πίοις
1612 1433 1643 1455 ».

369 1481 653 1532 Argumentum
683 1481 849 1521 alterum
878 1480 1049 1520 fortasse
1074 1480 1188 1519 Mtth.
1208 1480 1344 1521 XXIV
1364 1480 1414 1520 22
1436 1481 1521 1519 «καὶ
1542 1480 1575 1518 εἰ
1595 1481 1645 1532 μὴ

266 1545 623 1596 ἐκολοβώθησαν
644 1576 652 1585 .
673 1575 679 1582 .
704 1575 711 1582 .
735 1560 767 1584 .»
798 1543 944 1584 adduci
971 1547 1117 1595 potest,
1145 1556 1222 1593 quo
1251 1547 1384 1584 exstat
1411 1544 1647 1583 vocabulum

268 1607 553 1660 «κολοβοῢν»
575 1608 733 1659 proprie
753 1606 982 1658 significans
1005 1606 1362 1647 «detruncare»
1384 1607 1449 1646 vel
1471 1606 1646 1647 «muti-

266 1671 412 1722 lare»,
432 1671 539 1722 quod
556 1672 597 1711 in
616 1670 820 1712 codicibus
839 1671 973 1710 latinis
993 1670 1232 1711 transfertur
1251 1683 1323 1723 per
1341 1687 1358 1707 «
1371 1671 1646 1722 breviare»,

263 1733 368 1785 quod
411 1733 464 1773 ad
505 1746 663 1774 sensum
705 1738 766 1774 est
801 1737 962 1773 rectum.
1020 1732 1134 1780 Quod
1175 1733 1371 1774 Iuvencus
1410 1734 1485 1774 hoc
1526 1747 1646 1774 unum

262 1797 497 1838 vocabulum
532 1798 718 1850 exprimit
753 1796 907 1837 duobus
944 1796 1252 1847 «decerpere»
1291 1801 1330 1837 et
1362 1813 1379 1833 >>
1392 1797 1643 1838 breviare»

263 1861 319 1900 IV
350 1860 425 1900 134
453 1873 530 1911 sq.:

371 1926 434 1964 «et
458 1923 507 1964 ni
534 1923 720 1964 sublimis
744 1923 904 1975 yenitor
932 1923 1191 1974 decerpere
1219 1926 1372 1975 tempus

394 1990 432 2028 et
457 2000 674 2028 numerum
700 1987 900 2028 miserans
926 1988 1046 2028 vellet
1074 1987 1301 2028 breviare
1329 1987 1523 2041 dierum»,

262 2051 423 2091 dubium
464 2065 543 2092 non
584 2056 646 2092 est
685 2052 779 2102 quin
820 2064 892 2103 per
936 2052 1245 2102 «decerpere»
1291 2051 1411 2092 ducat
1454 2054 1646 2092 rationem

261 2115 372 2155 verbi
400 2117 535 2166 graeci
574 2116 881 2168 «κολοβοῦν»,
917 2117 1011 2166 quin
1049 2115 1334 2155 «breviare»
1373 2120 1485 2168 petat
1512 2129 1534 2155 e
1562 2128 1647 2155 ver-

263 2178 373 2217 sione
399 2179 537 2218 latina.

313 2241 427 2281 Nunc
461 2241 635 2280 breviter
664 2241 971 2292 complectemur
998 2242 1105 2292 quod
1133 2255 1182 2281 ex
1210 2243 1260 2282 iis
1288 2254 1391 2293 quae
1420 2241 1528 2281 diota
1557 2245 1649 2282 sunt

207 2305 391 2355 sequitur.
455 2307 512 2346 ut
544 2307 592 2345 in
628 2307 825 2346 iuvenci
860 2318 945 2346 usu
981 2307 1076 2347 fuit
1110 2309 1278 2347 textus
1314 2318 1541 2357 graecus,
1578 2307 1648 2346 ita

205 2371 392 2409 textum
427 2371 632 2408 latinum
662 2371 906 2409 adhibuit.
963 2371 1085 2415 Quin
1121 2372 1266 2412 etiam
1301 2373 1529 2420 exempla
1564 2373 1645 2410 de-

205 2435 485 2474 monstrare
521 2434 640 2473 mihi
673 2432 908 2474 videntur
944 2445 1047 2474 eum
1080 2436 1267 2477 textum
1308 2436 1516 2475 latinum
1552 2447 1644 2475 non

205 2498 349 2537 modo
389 2508 482 2537 non
517 2498 868 2546 anteposuisse
904 2509 1109 2547 graeco,
1152 2500 1239 2538 sed
1278 2500 1424 2538 etiam
1462 2501 1646 2538 fecisse

205 2562 439 2600 carminis
476 2561 860 2606 fundamentum,
903 2571 1006 2599 cum
1048 2563 1214 2601 textus
1256 2573 1461 2611 graecus
1503 2574 1645 2601 occa-

205 2624 346 2663 sione
394 2625 512 2664 data
558 2625 617 2663 ab
670 2634 727 2663 eo
774 2625 1082 2664 adhibeatur.
1157 2623 1408 2676 Quapropter
1453 2625 1647 2666 Iuvencus

210 2695 370 2725 summa
398 2686 517 2726 laude
554 2686 697 2738 dignus
724 2690 798 2740 est,
832 2688 1066 2738 praesertim
1096 2700 1184 2727 cum
1212 2686 1305 2727 inde
1334 2701 1359 2727 a
1387 2688 1545 2729 saeculo
1573 2690 1646 2730 III.
