1800 2904
874 168 925 206 34

232 274 343 314 locus
362 275 513 313 minore
533 274 772 313 auctoritate
793 278 854 313 cst
873 274 1030 325 dignus,
1050 272 1156 323 quod
1174 273 1244 312 illa
1262 272 1481 324 prophetae
1500 271 1624 311 verba

231 337 431 377 nonnullis
459 338 500 376 in
529 336 734 376 codicibus
759 337 893 377 latinis
919 338 1161 387 omittuntur,
1190 335 1313 375 veluti
1332 337 1372 375 in
1392 335 1624 375 Corbeiensi

232 403 364 453 priore
395 400 446 452 (ff
454 400 498 452 1).
554 401 604 438 Et
633 400 701 439 illa
729 401 854 440 verba
883 405 923 440 et
950 400 1126 440 nonnulli
1153 411 1294 439 versus
1322 398 1429 438 haud
1458 400 1540 438 scio
1573 410 1624 437 an

232 464 338 516 apud
366 465 581 503 Iuvencum
611 463 755 515 desint,
784 464 891 514 quod
920 465 960 503 in
988 464 1088 503 libro
1116 463 1253 514 latino,
1281 475 1399 513 quem
1427 463 1624 502 Iuvencus

232 529 271 567 in
301 528 486 567 manibus
515 527 705 578 habebat,
735 526 959 567 defuerunt,

286 601 381 642 Sed
409 615 498 642 non
529 602 676 641 solum
706 602 835 642 tales
864 603 1206 641 annotationes
1236 601 1294 641 ab
1314 600 1624 651 evangelista

179 678 200 704 e
247 669 545 704 testamento
599 669 763 704 vetere
817 665 994 704 ductas
1048 665 1285 715 neglegit,
1339 663 1424 703 sed
1478 664 1623 703 etiam

180 731 529 770 additamenta
558 731 887 779 explicantia,
924 741 1047 780 quae
1084 730 1435 780 evangelistae
1471 729 1624 768 orati-

180 796 356 834 onibus
385 796 469 834 aut
498 795 881 834 narrationibus
910 795 1245 833 inseruerunt.

338 868 471 907 Veluti
501 866 597 907 dicit
626 866 708 906 Ioh.
739 868 758 905 I
786 867 838 906 44
867 866 1148 918 explicandi
1177 878 1321 906 causa
1352 868 1465 906 «erat
1490 867 1624 906 autem

231 930 454 982 Philippus
491 944 517 971 a
553 929 782 971 Bethsaida
817 930 979 971 civitate
1013 930 1205 971 Andreae
1245 932 1284 970 et
1316 929 1478 981 Petri»,
1520 941 1623 980 quae

231 994 356 1034 verba
384 995 584 1034 Iuvencus
614 995 759 1033 omittit
786 997 878 1045 post
906 1007 941 1033 v.
971 994 1012 1032 II
1044 994 1131 1033 100.

338 1062 457 1113 Apud
501 1062 672 1102 eundem
715 1062 1005 1112 evangelistam
1047 1062 1193 1112 legitur
1233 1062 1273 1100 II
1310 1062 1334 1100 9
1374 1061 1622 1112 interpositio

235 1125 447 1165 «ministri
480 1128 615 1166 autem
651 1124 843 1174 sciebant,
888 1124 960 1176 qui
996 1123 1247 1165 hauriebant
1284 1136 1477 1176 aquam»,
1521 1135 1623 1174 quae

233 1202 257 1228 a
284 1189 458 1229 Iuvenco
487 1190 829 1241 praetermittitur.

338 1258 492 1298 Eadem
513 1270 563 1298 ex
581 1270 703 1298 causa
724 1259 957 1298 omittuntur
975 1270 1115 1298 versus
1134 1258 1246 1298 Mtth.
1262 1257 1380 1298 XVII
1402 1257 1449 1297 13
1477 1272 1494 1292 «
1508 1255 1625 1298 Tunc

232 1323 530 1363 intellexerunt
563 1322 753 1373 discipuli
786 1322 886 1373 eim,
921 1322 1020 1372 quia
1054 1322 1101 1362 de
1129 1321 1319 1362 Iohanne
1352 1321 1460 1362 dioeit
1490 1320 1622 1371 illis»,

234 1390 273 1424 et
302 1386 385 1424 Ioh.
414 1386 474 1424 XI
506 1385 553 1424 18
582 1397 721 1425 versus
760 1401 777 1420 «
789 1387 879 1425 erat
913 1387 1049 1425 autem
1076 1384 1289 1426 Bethania
1321 1384 1442 1425 iuaeta
1476 1383 1622 1424 Hiero-

232 1449 427 1500 solymam
461 1450 547 1500 fere
576 1462 601 1489 a
637 1449 784 1489 stadiis
818 1449 1048 1500 quindecim
1061 1465 1102 1501 »3
1140 1461 1279 1489 versus
1319 1449 1461 1500 prioris
1495 1448 1623 1496 ¹verba

233 1511 513 1552 desiderantur
542 1511 649 1564 apud
678 1512 762 1551 Iuv.
792 1513 895 1551 inter
922 1524 1061 1552 versus
1080 1513 1140 1551 III
1168 1512 1241 1552 351
1275 1516 1315 1551 et
1340 1511 1430 1563 352,
1459 1506 1622 1551 alterius

233 1580 323 1627 post
351 1589 387 1615 v.
418 1576 473 1616 IV
502 1577 592 1616 335.

285 1651 481 1689 Iuvencus
510 1650 582 1689 has
612 1652 892 1690 annotationes
921 1651 1102 1690 omisisse
1137 1649 1232 1689 mihi
1266 1649 1423 1689 videtur
1454 1650 1622 1701 primum

180 1714 273 1764 quia
302 1713 354 1753 ad
383 1714 513 1753 locum
541 1713 853 1765 intellegendum
882 1715 932 1754 iis
960 1727 1059 1766 opus
1087 1725 1166 1755 non
1202 1717 1300 1766 erat,
1337 1712 1483 1754 deinde
1517 1712 1622 1764 quod

179 1776 350 1816 idoneae
379 1790 458 1817 non
488 1782 615 1828 erant,
644 1790 748 1827 quae
775 1781 1034 1817 verterentur.

285 1853 469 1892 Poetae
513 1855 628 1891 sunt
670 1864 847 1891 versus
890 1853 1348 1902 praetermittendi,
1397 1863 1455 1891 ne
1504 1851 1622 1891 conss

178 1917 343 1955 textus
373 1917 607 1956 violetur.

337 1988 630 2027 Desiderantur
663 1988 771 2040 apud
807 1989 891 2027 Iuv.
930 1993 1021 2040 post
1053 2002 1089 2027 v.
1126 1989 1180 2028 IV
1215 1989 1292 2027 402
1326 1988 1440 2027 Mtth.
1484 2001 1621 2028 versus

231 2051 366 2091 XXVI
403 2054 418 2090 1
460 2055 500 2090 et
537 2051 559 2089 2
608 2051 696 2091 «Et
733 2052 892 2102 factum
925 2055 992 2100 est,
1036 2064 1125 2091 eum
1160 2055 1472 2092 consummasset
1505 2051 1622 2092 Iesus

231 2126 431 2154 sermones
467 2116 534 2154 hos
567 2127 712 2163 omnes,
751 2114 859 2154 dixit
893 2114 1103 2165 discipulis
1135 2115 1223 2154 suis
1257 2114 1334 2167 (l):
1369 2115 1491 2154 Scitis
1522 2115 1621 2165 quia

225 2180 317 2227 post
345 2177 513 2217 biduum
534 2176 690 2227 paseha
708 2177 787 2227 fiet,
817 2180 856 2217 et
872 2177 987 2227 filius
1006 2177 1182 2218 hominis
1202 2178 1396 2227 traditur,
1427 2180 1476 2217 ut
1492 2178 1619 2218 eruci-

231 2240 386 2291 fiqatur
416 2239 514 2292 (2)».
572 2240 768 2287 Quoniam
796 2241 994 2281 Iuvencus
1022 2245 1112 2292 post
1140 2254 1177 2281 v.
1206 2241 1317 2280 Mtth.
1347 2241 1462 2280 XXV
1491 2242 1541 2280 46
1571 2260 1619 2274 =

232 2305 314 2342 Iuv.
336 2304 392 2343 IV
412 2304 489 2343 305
510 2304 674 2343 inseruit
694 2303 777 2342 Ioh.
797 2303 857 2342 XI
882 2303 1020 2354 1-46‚
1050 2304 1192 2354 quibus
1218 2305 1399 2344 versibus
1423 2304 1619 2344 Lazarum

232 2370 426 2405 mortuum
464 2379 488 2405 a
523 2367 614 2405 Iesu
648 2368 688 2404 in
725 2367 848 2405 vitam
888 2368 1065 2406 revocari
1107 2371 1304 2418 narratur,
1343 2370 1502 2418 poetam
1542 2368 1621 2408 illis

232 2429 413 2470 versibus
441 2429 577 2469 XXVI
608 2431 624 2469 1
658 2434 698 2470 et
727 2429 750 2468 2
778 2442 857 2469 11011
890 2430 969 2469 iam
1004 2430 1061 2469 uti
1095 2431 1272 2482 potuisse
1308 2433 1495 2482 apparet;
1527 2444 1619 2471 nam

232 2493 414 2531 versibus
443 2493 526 2531 Ioh.
548 2493 607 2530 XI
630 2492 758 2530 1-46
786 2493 1023 2531 intermissis
1049 2493 1160 2531 Mtth.
1183 2504 1322 2531 versus
1340 2493 1474 2532 XXVI
1496 2495 1513 2532 l
1537 2498 1577 2532 et
1596 2494 1619 2532 2

231 2554 329 2594 nihil
357 2554 491 2607 habet,
520 2555 573 2595 ad
602 2555 708 2606 quod
736 2557 946 2607 pertinent.
994 2556 1136 2606 Itaque
1165 2558 1325 2606 poetam
1344 2568 1511 2608 pergere
1531 2569 1619 2596 cum

231 2618 372 2657 Matth.
402 2619 537 2657 XXVI
568 2620 590 2657 3
619 2631 784 2658 necesse
814 2623 884 2657 est.
