1800 2904
845 163 897 204 62

246 269 525 321 «Diffuqiunt
551 269 744 320 urbisque
771 273 932 310 ruunt
959 270 1018 310 ad
1046 272 1176 310 tecta
1202 269 1363 311 subulci

278 333 339 372 Et
362 334 518 385 famam
546 333 744 374 accedunt
764 334 1010 384 populosque
1038 333 1100 373 ad
1128 333 1282 374 litora
1308 336 1517 386 coqunt»

205 407 423 458 Vergilium
450 407 604 448 habens
625 407 767 448 ducem
785 408 844 448 XI
864 408 941 448 236
974 408 1073 449 «olli
1100 420 1319 449 convenere
1344 412 1595 462 ruuntque

206 471 266 512 ad
292 471 407 524 reqia
429 471 567 523 plenis
591 472 597 523 1
625 470 767 513 Tecta
795 472 933 513 viis..
958 505 964 512 .
988 489 1035 525 .»‚
1065 476 1116 524 et,
1145 477 1188 513 ut
1215 474 1295 513 iam
1324 464 1594 515 Huemerus

206 537 427 587 annotavit,
456 536 511 575 IV
539 535 617 576 289
649 552 682 575 «.
705 568 713 576 .
734 567 742 575 .
765 567 773 576 .
803 536 1003 588 sociosque
1034 536 1096 576 ad
1124 535 1278 577 litora
1306 539 1521 589 coyant».
1543 560 1593 566 -—

203 599 324 651 Apud
352 599 466 639 Mtth.
496 600 556 638 IX
585 600 608 638 7
636 600 806 650 legimus
837 602 907 640 «et
932 599 1116 640 surrexit
1148 602 1187 640 et
1219 598 1325 641 abiit
1354 599 1402 641 in
1438 600 1595 641 domum

204 675 367 713 suam»,
399 662 508 714 quod'
533 664 728 703 Iuvencus
757 668 924 704 exornat
953 664 992 703 II
1020 664 1068 704 91
1176 656 1179 660 ⁵

280 726 503 767 «Surrexit
532 727 733 778 letumque
760 727 941 768 umeris
968 727 1053 768 iam
1079 727 1298 779 fortibus
1326 730 1464 778 aptat

310 790 393 829 Per
420 790 675 841 mediumque
703 790 842 842 vigens
864 790 1008 841 populi
1034 789 1232 830 mirantes
1260 789 1429 830 abibat»

205 852 401 892 adhibens
438 853 656 904 Vergilium
699 853 758 892 IX
796 853 873 892 364
919 853 1046 894 «haec
1085 853 1209 905 rapit,
1257 856 1377 905 atque
1412 854 1594 895 umeris

203 917 452 968 nequiquam
479 917 700 965 fortibus
729 920 906 968 aptat».
944 940 994 946 —-—
1029 917 1143 956 Mtth.
1171 917 1229 957 IX
1258 918 1282 958 9
1322 919 1390 957 «et
1421 930 1593 971 surqens

203 983 364 1021 secutus
405 983 464 1021 est
503 994 594 1021 eum
608 997 624 1017 »
675 980 806 1021 reddit
848 981 888 1020 II
922 981 974 1021 98
1019 978 1225 1032 «Imperio
1261 979 1414 1022 Christi
1449 982 1595 1033 paret

201 1045 430 1097 ,qaudetque
461 1048 649 1086 secutus»
690 1057 785 1085 usus
813 1046 988 1096 Vergilio
1017 1045 1073 1085 IV
1102 1044 1179 1085 295
1217 1044 1460 1096 «Imperio
1496 1045 1593 1086 laeti

198 1112 413 1160 parent.
447 1141 453 1147 .
485 1138 494 1147 .
525 1125 572 1147 .».
615 1132 666 1137 —
709 1108 807 1148 Cum
848 1108 954 1160 apud
996 1107 1077 1148 Iob.
1115 1108 1169 1148 IV
1203 1109 1227 1148 6
1271 1107 1417 1149 «Iesus
1458 1111 1592 1149 autem

204 1173 409 1225 fatiqatus
451 1186 501 1213 ex
545 1172 694 1213 itinere
726 1172 890 1212 sedebat
922 1185 1043 1223 super
1070 1175 1268 1223 puteum»
1305 1172 1402 1212 nihil
1436 1173 1592 1223 legatur

205 1238 335 1276 Iesum
374 1239 568 1277 «aestu»
607 1236 821 1287 fatigatum
857 1235 1070 1286 resedisse,
1108 1240 1274 1275 exornat
1308 1237 1390 1276 Iuv.
1421 1236 1461 1275 II
1493 1235 1590 1277 247:

208 1300 407 1346 «Sederat
434 1300 499 1340 hic
526 1299 708 1351 rapido
734 1299 916 1340 salvator
944 1297 1119 1340 anhelus
1146 1299 1194 1339 in
1217 1301 1383 1340 aestu»
1419 1299 1590 1339 fortasse

204 1366 243 1403 in
272 1367 404 1403 mente
433 1364 587 1404 habens
615 1363 832 1414 Vergilium
861 1363 905 1402 B.
927 1363 967 1402 II
992 1362 1055 1403 10:
1089 1361 1324 1414 «Thestylis
1352 1365 1391 1402 et
1416 1362 1592 1414 rapido

202 1427 321 1479 fessis
347 1427 588 1468 messoribus
617 1430 800 1468 aestu».
831 1450 880 1455 —
910 1426 1023 1465 Mtth.
1053 1426 1111 1465 IX
1131 1427 1181 1466 36
1213 1442 1244 1465 «.
1269 1458 1277 1466 .
1300 1458 1306 1465 .
1330 1456 1339 1466 .
1359 1429 1398 1466 et
1416 1426 1591 1467 iacentes

203 1491 310 1531 sicut
336 1504 423 1531 oves
450 1503 535 1531 non
565 1490 757 1531 habentes
778 1493 1009 1541 pastorem»
1042 1494 1208 1529 exornat
1236 1491 1431 1530 Iuvencus
1452 1492 1491 1529 II
1513 1491 1589 1529 423

317 1581 349 1603 «.
421 1596 428 1602 .
460 1596 467 1603 .
499 1564 579 1605 cui
600 1576 759 1615 pascua
789 1565 897 1604 laeta

339 1628 592 1669 Innumerae
622 1629 825 1669 tondent
844 1628 1016 1679 pecudes
1043 1627 1209 1668 rectoris
1236 1630 1419 1680 eyentes»

204 1704 381 1741 imitatus
409 1703 627 1753 Vergilium
657 1702 704 1742 G.
734 1703 751 1741 I
785 1701 901 1754 14s15

445 1807 452 1814 .
484 1807 491 1814 .
522 1776 601 1816 oui
622 1776 804 1828 pinquia
834 1775 934 1816 Ceae

367 1842 426 1879 ter
454 1843 615 1880 centum
642 1840 754 1880 nivei
784 1840 991 1884 tondent
1018 1840 1179 1880 dumeta
1206 1839 1412 1883 iuvenci».

203 1915 289 1962 Quo
332 1916 418 1954 loco
462 1916 521 1954 III
563 1915 659 1955 390:
708 1914 779 1954 E'n
828 1914 957 1955 maris
998 1914 1240 1955 undisoni
1280 1927 1425 1966 rupes
1467 1927 1592 1966 quae

195 1978 371 2029 prodit
397 1978 452 2018 in
480 1979 611 2019 altum
635 1978 641 2030 Ι
666 1978 902 2019 Scandatur
932 1978 1005 2018 tibi
1032 1990 1190 2019 summa
1220 2009 1228 2017 .
1256 2010 1263 2016 .
1292 2009 1300 2017 .
1330 1995 1363 2017 .>›
1395 1979 1591 2019 Iuvencus

203 2041 334 2081 reddit
368 2042 642 2092 evangelistae
676 2042 789 2081 Mtth.
826 2042 943 2081 XVII
978 2041 1029 2082 26
1073 2057 1105 2081 <<.
1137 2072 1144 2079 .
1175 2071 1184 2080 .
1215 2075 1223 2084 .
1260 2042 1361 2083 vade
1395 2042 1449 2083 ad
1480 2055 1591 2083 mare

203 2108 241 2145 et
266 2105 380 2145 mitte
409 2105 574 2146 hamum
604 2136 612 2145 .
644 2135 652 2144 .
687 2136 695 2144 .
727 2121 777 2156 .»‚
812 2109 979 2145 exornat
1006 2106 1181 2156 Vergilio
1209 2118 1304 2146 usus
1329 2106 1368 2144 X
1390 2105 1467 2145 693
1498 2106 1592 2146 «ille

200 2169 313 2209 velut
338 2182 485 2219 rupes
511 2171 673 2209 vastum
700 2181 825 2220 quae
846 2168 1019 2220 prodit
1044 2168 1092 2209 in
1129 2181 1289 2221 aequor,
1318 2199 1327 2208 .
1350 2200 1358 2208 .
1375 2199 1383 2208 .
1407 2185 1454 2209 .».
1510 2169 1590 2209 Ad-

201 2234 389 2272 iectivum
421 2232 714 2273 «undisoni»
755 2237 815 2273 est
844 2237 1055 2284 sumptum,
1090 2236 1133 2272 ut
1167 2232 1478 2272 Hatfieldius
1511 2245 1590 2271 me-

205 2297 373 2335 moravit
405 2309 442 2347 p.
481 2296 545 2347 47,
588 2308 610 2335 e
646 2296 773 2335 Stati
815 2295 1099 2335 Aehilleide
1141 2296 1158 2334 Ι
1197 2295 1290 2335 198;
1336 2298 1411 2336 «at
1453 2294 1593 2335 Thetis

203 2359 471 2399 undisonis
505 2372 582 2411 per
622 2362 774 2400 noctem
818 2359 866 2399 in
906 2358 1120 2410 rupibus
1162 2361 1348 2400 astans».
1386 2382 1434 2388 —
1477 2358 1591 2407 Quod

207 2425 403 2463 Iuvencus
432 2424 492 2463 III
522 2424 687 2476 460s61:

278 2513 310 2536 «.
342 2527 350 2536 .
382 2528 390 2537 .
422 2530 429 2536 .
461 2497 753 2550 Galilaeaeque
781 2511 884 2540 arva
911 2498 1083 2550 reliquit

301 2561 579 2613 Iudaeamque
601 2563 716 2613 petit,
747 2575 829 2613 qua
851 2561 1068 2613 pinquia
1097 2575 1203 2602 rura
1230 2562 1397 2602 silenter

307 2626 342 2663 A
349 2625 509 2676 ymine
537 2625 734 2665 Iordanes
761 2625 908 2665 viridis
930 2625 1161 2675 perrumpit
1188 2637 1408 2664 amoeno»
