1800 2904
884 159 934 199 53

296 266 588 319 Discipulorum
629 251 909 321 quaestionem}
946 262 1058 302 Mtth.
1094 262 1195 301 XIII
1215 263 1301 303 ·10:
1350 261 1544 311 «Quare
1583 262 1631 302 in

186 329 397 382 parabolis
427 329 644 380 loqueris
672 328 727 368 ad
746 338 843 367 eos»
874 324 1007 391 reddit
1034 326 1117 365 Iuv.
1149 326 1190 364 II
1219 325 1386 376 755s56:

356 419 388 444 ‹<.
420 434 429 444 .
460 434 468 444 .
497 434 506 444 .
537 399 777 453 discipuli
805 430 815 440 .
846 429 854 439 .
963 398 1233 450 requirunt

377 467 594 519 Implicitis
614 465 763 517 populo
791 463 1164 521 curclauderet
1189 463 1327 504 omnia
1353 462 1528 504 verbis».

187 543 338 584 Eodem
358 542 476 583 modo
491 540 773 592 discipulorum
789 538 1063 588 quaestionem
1076 538 1189 577 Mtth.
1206 538 1323 577 XVII
1343 538 1409 579 18:
1438 538 1630 587 «Quare

188 619 260 647 uos
286 617 382 647 non
403 604 657 656 potuimus
684 601 808 642 eicere
836 592 986 640 illum»
1018 601 1101 640 Iuv.
1132 601 1194 639 III
1223 600 1390 652 371s72:

261 677 550 729 «Discipuli
576 675 806 727 roqitarit
831 687 919 715 cur
945 687 1042 714 uon
1069 674 1368 714 successerit
1395 705 1402 713 .
1435 706 1442 713 .
1473 705 1482 713 .
1512 691 1560 713 .».

292 752 351 791 Id·
368 763 536 802 quoque,
566 749 671 800 quod
700 748 884 800 discipuli
911 752 1105 799 quaerunt
1124 748 1238 786 Mtth.
1259 748 1398 787 XVIII
1422 749 1438 787 1
1473 763 1490 783 <<
1506 747 1628 797 Quis

190 815 290 856 erit
314 809 469 855 maier
496 813 545 853 iri
571 824 693 864 reque
721 809 946 852 coelorum?
956 827 989 863 »‚
1019 811 1102 850 Iuv.
1133 811 1194 850 III
1224 809 1393 862 396s97:

269 887 556 940 «Discipuli
577 889 670 938 post
695 886 792 932 inde
818 888 1016 938 royant,
1046 885 1156 937 quis
1184 884 1386 929 maximus
1414 885 1496 926 alto

298 951 355 993 Iu
382 952 485 996 caeli
510 964 634 1003 reque
660 950 817 991 meritis
838 963 915 1001 pro
943 949 1180 1001 qualibus
1208 952 1369 990 esset.»

186 1026 311 1065 Multa
339 1026 420 1065 alia
449 1025 632 1077 exempla
659 1026 809 1064 omitto.

282 1100 400 1140 Cum
442 1099 662 1139 Christus
704 1110 850 1150 saepe
892 1099 940 1137 in
982 1098 1296 1139 orationibus
1336 1099 1438 1137 suis
1479 1097 1625 1137 alium

184 1175 366 1214 quoque
387 1163 543 1202 faciat
563 1163 831 1201 orationem
852 1164 1030 1205 rectam
1058 1161 1355 1211 loquentem,
1384 1161 1625 1200 Iuvencus

183 1228 459 1278 plerumque
493 1229 626 1266 illam
662 1226 789 1266 alius
822 1227 1073 1265 cuiusdam
1111 1227 1390 1265 orationem
1434 1227 1622 1265 rectam

175 1293 349 1331 'reddit
377 1292 649 1331 subiectam
679 1291 833 1330 verbo
863 1291 1077 1329 dicendi.

289 1365 376 1412 Qua
403 1366 444 1403 in
472 1364 665 1416 parabola
684 1363 862 1403 Christus
891 1363 1089 1403 caelorum
1118 1373 1283 1413 regnum
1304 1365 1514 1414 comparat
1534 1375 1622 1402 cum

183 1441 290 1480 rege,
318 1429 384 1478 qui
407 1427 564 1467 «voluit
580 1427 779 1467 rationem
791 1439 941 1477 ponere
959 1439 1048 1466 cum
1066 1424 1195 1465 servis
1211 1425 1300 1465 suis
1312 1441 1328 1461 »
1351 1426 1464 1464 Mtth.
1485 1426 1623 1464 XVIII

185 1492 233 1531 23
263 1491 361 1531 facit
395 1503 551 1530 servum
587 1489 811 1541 loquentem
850 1489 901 1529 ad
936 1501 1089 1540 regem:
1127 1488 1467 1529 «Patientiam
1502 1486 1623 1528 habe

184 1555 236 1595 iu
263 1567 344 1604 me,
375 1557 426 1595 et,
446 1568 527 1606 eqo
554 1554 752 1595 reddam
778 1554 996 1603 omnia»;
1023 1553 1096 1593 sed
1117 1554 1311 1592 Iuvencus
1340 1552 1471 1592 reddit
1499 1552 1623 1592 verba

185 1613 362 1658 oratione
391 1618 552 1668 obliqua
579 1619 638 1657 III
666 1618 743 1657 443
772 1630 850 1668 sq.:

978 1706 995 1726 «
1041 1719 1050 1729 .
1081 1720 1088 1727 .
1122 1721 1129 1729 .
1160 1689 1336 1730 adorat

316 1755 375 1795 Et
400 1754 615 1806 spondet,
645 1753 769 1805 spatii
795 1753 874 1794 sibi
900 1753 942 1793 si
968 1754 1099 1805 foret
1126 1753 1234 1793 ulla
1261 1752 1443 1804 facultas

318 1819 483 1859 Omnem
509 1831 766 1859 nummorum
795 1816 952 1857 domino
980 1816 1253 1857 dissolvere
1280 1829 1514 1857 summam».

288 1905 386 1944 Item
416 1917 480 1945 res
509 1917 551 1945 se
579 1904 701 1944 habet
728 1905 768 1945 in
796 1903 1001 1957 parabola,
1031 1915 1133 1954 quae
1162 1903 1246 1956 agit
1275 1901 1325 1942 de
1354 1903 1556 1954 operariis*
1577 1904 1615 1941 in

185 1964 343 2007 'vineam
380 1965 523 2008 miesis.
580 1968 724 2019 Verba,
759 1980 861 2019 quae
896 1966 1078 2007 Christus
1112 1970 1152 2006 et
1184 1969 1339 2018 patrem
1373 1966 1548 2006 familias
1581 1969 1621 2005 et

188 2032 390 2080 operarios
432 2033 610 2071 oratione
657 2035 768 2080 recta
815 2031 1023 2082 loquentes
1066 2030 1183 2081 facit,
1233 2029 1376 2070 subicit
1425 2030 1620 2069 Iuvencus

187 2093 380 2133 vocabulo
408 2094 519 2135 finito
547 2095 610 2134 vel
639 2094 797 2135 dicendi
825 2095 889 2134 vel
916 2092 1079 2134 iubendi
1107 2093 1170 2133 vel
1199 2092 1429 2143 quaerendi.

309 2191 597 2235 Matthaeus
630 2193 738 2235 XX.
1090 2192 1342 2234 Iuvencus
1376 2192 1465 2233 111.

184 2276 219 2307 4:
244 2299 251 2306 .
276 2298 283 2306 .
308 2299 315 2306 .
344 2274 376 2306 et
403 2272 476 2306 illis
498 2274 607 2308 dimit:
638 2274 727 2308 «Ite
751 2276 783 2308 et
810 2285 870 2308 vos
931 2273 1068 2316 557s58:
1187 2273 1346 2315 operique
1370 2273 1618 2307 adcrescere

226 2325 265 2358 iu
286 2326 423 2360 vineam
444 2337 556 2371 meam
578 2330 611 2361 et
633 2328 723 2371 quod
738 2328 869 2361 iustum
1182 2326 1319 2359 iussit
1465 2369 1467 2371 v

226 2379 336 2421 fuerit
358 2380 464 2434 dabo
486 2380 582 2414 vobis
593 2395 619 2414 ».
929 2381 1002 2414 Pro
1020 2379 1154 2413 meritis
1171 2379 1285 2422 operis
1293 2380 1502 2422 promittens
1517 2392 1617 2423 prae-

451 2439 453 2441 ’
1179 2434 1250 2466 mia
1273 2433 1393 2475 «liqna.

184 2511 217 2559 βε
243 2534 250 2542 .
274 2534 281 2542 .
306 2535 313 2542 .
338 2535 345 2543 .
376 2514 408 2544 et
435 2512 519 2545 dicit
547 2512 635 2544 illis:
672 2513 781 2554 Quid
813 2512 867 2545 hic
908 2494 1084 2556 '565s5662
1109 2539 1116 2547 .
1133 2539 1140 2547 .
1157 2540 1189 2547 ..
1212 2524 1404 2556 causasque
1427 2514 1618 2556 requirit

187 2609 189 2611 Ι
226 2562 356 2596 statis
378 2565 459 2599 tota*
473 2565 527 2599 die
551 2565 675 2599 otiosi?
811 2613 813 2615 r
932 2567 1013 2600 Gur
1039 2566 1156 2609 piqris
1195 2566 1356 2600 manibus
1392 2569 1617 2610 torperent

1180 2620 1252 2654 otia
1274 2620 1378 2654 lenta.
