1800 2904
266 2598 304 2646 V.

384 2603 415 2622 7

502 2604 534 2640 13

933 2604 964 2641 14

1325 2602 1357 2640 15

266 2218 303 2379 Marcus
265 2158 302 2192 V

403 2525 412 2533 .
403 2494 412 2501 .
403 2462 411 2469 .
405 2429 414 2438 .
379 2389 410 2406 ⁴?
378 2242 412 2362 adiuro
382 2184 412 2218 te
389 2099 421 2161 per
380 2007 413 2077 Do-

431 2407 464 2534 minum
455 2377 463 2384 .
456 2343 464 2351 .
455 2313 463 2320 .
456 2280 463 2288 .

495 2489 528 2536 Et
495 2257 529 2431 concessit
495 2154 528 2203 eis
496 2006 529 2102 Iesus

547 2415 580 2534 statim
550 2356 581 2392 et
551 2170 581 2334 exeuntes
549 2004 591 2146 spiritus

600 2370 633 2535 immundi
601 2155 634 2347 introerunt
601 2101 634 2135 in
611 2006 643 2085 por-

663 2463 686 2533 cos.
656 2404 686 2439 et
662 2256 696 2382 magno
653 2107 695 2238 impetu
664 2006 697 2091 grex

706 2284 748 2536 praecipitatus
709 2202 739 2256 est
706 2141 739 2174 in
717 2005 741 2110 mare.

758 2412 799 2535 (Erant
762 2254 792 2368 autem
760 2112 801 2211 quasi
760 2006 794 2075 duo

811 2441 844 2534 milia
814 2365 852 2412 et)
812 2174 844 2335 suffocati
816 2064 846 2145 sunt
814 2004 846 2038 in

875 2438 898 2534 marl.

928 2469 967 2533 Qui
931 2318 962 2434 autem
928 2096 971 2290 pascebant
940 2005 964 2066 eos

980 2360 1023 2534 fugerunt.
985 2290 1015 2325 et
982 2004 1016 2255 nuntiaverunt

1032 2500 1066 2535 in
1033 2314 1067 2476 civitates
1037 2256 1068 2290 et
1035 2199 1068 2234 in
1045 2062 1078 2178 agros.
1039 2005 1070 2040 et

1086 2401 1128 2534 egressi
1090 2284 1119 2364 sunt
1087 2129 1121 2250 videre
1088 2006 1130 2088 quid

1141 2440 1171 2535 esset
1138 2277 1172 2418 factum.

1319 2497 1349 2533 et
1316 2317 1349 2462 veniunt
1316 2237 1349 2284 ad
1317 2079 1350 2200 Jesum
1321 2006 1351 2041 et

1368 2412 1401 2534 vident
1367 2220 1402 2391 hominem
1369 2092 1411 2197 illum,
1370 2006 1412 2063 qui

1430 2512 1453 2533 a
1420 2307 1454 2489 daemonio
1421 2089 1455 2285 vexabatur
1432 2006 1456 2058 sc—

1472 2394 1506 2534 dentem
1472 2201 1506 2365 vestitum
1477 2136 1507 2171 et
1484 2006 1508 2113 sanae

1525 2409 1558 2534 mentis
1528 2350 1558 2385 et
1525 2134 1558 2328 timuerunt.

234 1514 242 1536 ..τ

266 1629 305 1825 iuvencus
268 1573 304 1601 11

382 1903 414 1959 62:
381 1794 413 1862 Per
381 1646 422 1757 patris
381 1427 415 1607 altithroni

443 1798 466 1923 nomen
433 1627 468 1773 sublime
444 1427 477 1605 rogamus.

499 1817 532 1959 63-68:
498 1649 539 1802 Imperat
497 1586 531 1638 his
498 1427 531 1575 hominis

552 1809 583 1959 mentem
550 1611 584 1785 dimittere
551 1428 585 1587 Christus

603 1700 645 1959 Porcorumque
604 1605 637 1686 sinit
604 1428 647 1595 gregibus

655 1600 690 1697 finire
655 1428 690 1576 furores.

709 1914 741 1959 Et
708 1817 741 1886 iam
709 1579 751 1790 praecipites
720 1428 752 1553 scopu-

761 1726 795 1837 lorum
763 1548 805 1703 margine
763 1427 805 1526 porci

814 1922 846 1959 In
823 1803 847 1897 mare
814 1632 848 1781 coniecti
819 1427 858 1618 properant

867 1555 909 1756 disperdere
869 1428 902 1533 vitas.

934 1814 966 1958 69-—71:
932 1742 964 1790 At
941 1634 965 1720 vero
942 1595 965 1613 e
932 1428 974 1578 speculis

984 1745 1017 1911 miracula
987 1621 1017 1722 tanta
988 1428 1026 1601 paventes

1036 1763 1079 1959 Diffugiunt
1037 1566 1080 1730 urbisque
1040 1427 1071 1533 ruunt

1090 1703 1122 1748 ad
1092 1586 1123 1681 tecta
1090 1427 1123 1562 subulci

1143 1914 1175 1960 Et
1143 1765 1175 1894 famam
1143 1552 1176 1748 accendunt
1153 1428 1185 1539 popu-

1195 1786 1236 1908 losque
1195 1718 1228 1762 ad
1195 1592 1229 1696 litora
1198 1428 1238 1569 cogunt.

1320 1791 1362 1960 72—[73]:
1321 1606 1353 1768 Insanum
1330 1497 1354 1584 vero
1321 1428 1353 1479 iu-

1382 1834 1405 1961 venem
1375 1621 1414 1808 postquam
1373 1428 1415 1594 resipisse

1424 1795 1466 1960 [Credere
1427 1569 1458 1767 cernentum
1435 1429 1467 1540 popu-

1476 1804 1509 1915 lorum
1476 1676 1510 1780 turba
1481 1529 1511 1652 coacta
1478 1429 1520 1505 est,]

266 1061 304 1290 Matthaeus
265 953 303 1032 vlu

500 1328 533 1386 32:
499 1254 531 1299 Et
499 1182 531 1231 ait
499 1078 532 1160 illis:
499 946 531 1048 «Ite».
498 853 530 901 At

551 1338 584 1387 illi
555 1136 585 1300 exeuntes
551 929 585 1091 abierunt
551 854 583 887 in

614 1248 646 1387 porcos,
608 1197 638 1231 et
614 1099 639 1180 ecce
604 953 646 1084 impetu
603 853 637 939 abiit

659 1290 690 1386 totus
667 1183 699 1267 grex
667 1099 699 1162 per
667 907 699 1077 praeceps
658 854 690 889 in

720 1274 743 1386 mare:
715 1198 744 1233 et
710 1035 744 1161 mortui
713 921 742 1002 sunt
710 855 743 889 in

762 1275 805 1385 aquis.

932 1327 965 1385 33:
933 1134 972 1293 pastores
933 983 963 1099 autem
930 855 973 953 fuge-

986 1289 1016 1386 runt:
986 1225 1016 1259 et
983 1020 1016 1202 venientes
983 963 1015 998 in
982 854 1016 938 civi—

1039 1277 1070 1386 tatem
1036 999 1070 1249 nuntiaverunt
1037 854 1069 970 omnia

1091 1350 1122 1385 et
1089 1270 1122 1313 de
1090 1180 1123 1233 his
1091 1083 1133 1140 qui
1090 853 1124 1038 daemonia

1141 1183 1175 1387 habuerant.

1322 1329 1355 1386 34:
1323 1251 1354 1285 et
1330 1132 1354 1213 ecce
1324 1018 1354 1095 tota
1322 854 1355 981 civitas

1372 1302 1405 1386 exiit
1371 1139 1411 1280 obviam
1375 1019 1407 1115 Iesu:
1377 956 1408 991 et
1375 855 1409 933 viso

1434 1343 1458 1386 eo
1449 1311 1457 1319 .
1449 1279 1457 1286 .

241 829 324 833 Ι
264 551 302 680 Lucas
264 444 302 523 vlu

337 284 413 834 ¹232...st01m‹÷‹2r0te‘....

496 754 530 812 32:
519 723 526 730 .
519 690 527 697 .
518 658 527 665 .
518 627 526 634 .
497 567 527 602 et
494 386 536 546 permisit
493 284 526 360 illis.

560 753 592 811 33:
557 627 591 711 Cum
558 435 591 589 exissent
560 284 590 398 autem

610 628 644 810 daemonia
610 550 643 594 ab
610 367 652 515 homine,
610 283 642 333 in-

664 640 697 811 troierunt
663 564 695 598 in
673 369 705 513 porcos:
665 282 696 317 et

716 681 758 811 impetu
716 579 749 664 abiit
726 484 758 568 grex
724 284 757 469 porcorum

779 749 812 812 per
778 549 811 718 praeceps
768 482 801 516 in
778 353 801 448 mare
771 282 800 318 et

821 648 856 810 suffocati
824 535 854 624 sunt.

935 757 967 812 34:
932 634 965 719 Cum
931 429 965 602 vidissent
933 284 964 400 autem

985 754 1027 812 qui
984 540 1026 734 pascebant
984 432 1026 525 quod
984 284 1017 416 factum

1040 739 1079 811 est,

1092 686 1123 812 verunt
1089 616 1122 649 in
1089 434 1122 578 civitate
1092 360 1122 395 et
1089 283 1121 317 in

1142 708 1185 811 agris.

1208 755 1241 812 35:
1205 570 1239 726 exierunt
1208 427 1238 544 autem
1204 284 1237 404 videre

1257 719 1300 811 quod
1257 567 1290 697 factum
1260 489 1291 543 est
1282 458 1289 466 .
1282 425 1289 432 .
1281 393 1289 400 .
1283 362 1291 368 .

1324 776 1355 812 et
1323 574 1354 745 venerunt
1320 497 1354 541 ad
1321 354 1354 468 Iesum
1323 283 1353 319 et

1374 605 1407 813 invenerunt
1372 390 1406 564 hominem
1382 285 1406 338 se-

1426 674 1459 812 dentem
1435 614 1458 635 a
1435 510 1467 578 quo
1425 283 1459 469 daemonia

1478 646 1519 812 exierant,
1478 453 1511 618 vestitum
1481 393 1511 429 et
1487 283 1510 370 sana

1533 699 1564 813 mente
1530 615 1563 660 ad
1530 472 1572 580 pedes
1531 355 1563 435 Iesu
1532 283 1562 318 et

1583 616 1616 813 timuerunt.

1036 530 1079 694 fugerunt
1039 458 1070 493 et
1037 283 1069 421 nuntia·
1072 235 1076 238 r

915 179 970 220 20
