1800 2904
898 175 922 214 6

295 281 411 329 Quod
451 280 517 320 diu
545 281 684 332 putavi
713 281 822 321 locos
850 280 923 320 hos
951 279 1053 319 duos
1080 280 1165 319 Iuv.
1196 281 1214 319 Ι
1238 279 1317 321 209
1346 299 1395 315 ---
1423 283 1490 322 Lc.
1519 280 1560 321 II
1578 282 1631 321 34

188 349 228 385 et
257 346 342 384 Iuv.
372 346 411 384 II
440 344 517 384 716
547 362 595 377 =
624 344 738 383 Mtth.
759 344 838 383 XII
866 343 917 383 43
947 355 1037 383 esse
1064 344 1290 383 testimonio
1318 346 1532 385 Iuvencum
1560 344 1628 385 ad-

190 409 368 448 hibuisse
396 411 549 448 textum
578 419 767 458 graecum
795 406 837 446 id
866 406 1012 447 falsum
1040 418 1129 447 esse
1157 409 1299 458 postea
1326 408 1515 449 intellexi.

347 472 455 512 Loco
484 472 503 511 I
531 470 610 511 209
641 469 731 510 «hic
752 470 942 521 puer-ad
968 482 1130 510 casum
1150 470 1295 521 populi
1322 471 1447 512 datur
1475 503 1484 512 .
1515 502 1523 512 .
1555 504 1562 512 .
1592 489 1625 512 ‚»

239 548 318 575 vox
363 546 565 575 «casus»
610 546 635 573 a
674 535 847 574 Iuvenco
889 533 942 573 ad
982 533 1146 573 verbum
1180 534 1377 575 translata
1409 547 1499 576 esse
1522 536 1628 576 'mihi

241 598 453 638 videbatur
476 610 498 637 e
518 610 666 648 graeca
685 609 783 637 voce
807 613 824 633 «
837 600 1007 639 πτῶσις
1021 613 1055 648 ›>,
1074 609 1193 647 quam
1213 597 1417 638 codicibus
1436 600 1476 638 in
1495 599 1629 640 latinis

239 674 311 713 per
343 661 555 702 «ruina»
587 660 702 700 reddi
730 660 929 712 intellexi3
957 661 1038 700 iam
1066 672 1161 701 vero
1189 660 1327 702 codice
1351 663 1391 702 in
1410 662 1629 703 Veronensi

241 727 363 766 etiam
392 738 531 766 vocem
563 737 786 766 «casum»
818 725 964 765 inveni.

348 789 540 828 Similiter
569 801 634 828 res
670 800 713 828 se
747 788 870 828 habet
903 788 991 828 loco
1020 788 1146 828 altero
1174 789 1214 827 II
1243 788 1332 840 716,
1362 801 1439 840 quo
1467 790 1628 830 Iuvenci

242 853 630 893 circumlocutionem
665 853 896 903 negativam
939 864 1045 903 «qua
1077 851 1200 893 ‘nulla
1241 852 1425 893 excurrit
1463 853 1628 905 fontani

238 916 419 967 yurqitis
459 916 596 955 unda»
646 916 813 966 petitam
853 927 941 955 esse
982 916 1121 965 putavi
1163 927 1185 954 e
1226 916 1434 956 vocabulis
1471 918 1629 967 graecis

244 980 325 1017 «δι’
357 978 558 1030 ἀνύδρων
587 977 778 1030 τόπων»,
816 977 923 1029 quod
951 977 1165 1018 omnibus
1192 978 1233 1018 in
1262 978 1466 1034 codicibus
1494 980 1629 1021 latinis

245 1043 309 1082 vel
338 1055 410 1094 per
441 1042 621 1082 «arida
643 1043 772 1082 loca»
795 1042 859 1081 vel
877 1054 949 1094 per
971 1041 1143 1082 «arida
1162 1044 1206 1082 et
1223 1043 1438 1083 deserta»
1462 1044 1629 1096 exprimi

246 1106 465 1147 arbitratus
494 1118 592 1146 sum.
641 1105 753 1154 Quae
778 1106 912 1158 opinio
940 1110 1044 1146 nunc
1072 1104 1281 1158 refutatur,
1310 1119 1396 1147 cum
1426 1106 1629 1148 codicibus

242 1172 282 1209 in
330 1171 466 1210 latinis
514 1174 554 1209 et
596 1170 918 1221 Cantabrigiensi
963 1169 1024 1222 (d)
1064 1173 1104 1209 et
1142 1170 1359 1211 Bobbiensi
1397 1170 1459 1223 (k)
1502 1175 1629 1212 trans-

239 1234 429 1273 lationem
457 1235 687 1272 accuratam
713 1233 932 1273 invenerim
955 1231 1225 1284 «inaquosa
1237 1248 1268 1271 ».
1313 1233 1509 1274 Iuvencus
1535 1247 1630 1286 ergo

241 1297 628 1337 circumlocutionem
659 1297 878 1347 sumpsisse
905 1299 1037 1347 potest
1066 1308 1087 1335 e
1116 1299 1228 1335 textu
1256 1297 1392 1336 latino.

292 1360 445 1407 Quibus
488 1360 682 1410 exemplis
724 1359 858 1399 allatis
903 1358 1145 1409 intellegitur
1194 1362 1448 1400 luvencum
1496 1363 1629 1401 textu

185 1434 369 1473 graeco
389 1434 524 1462 usum
546 1434 672 1462 esse.
708 1422 823 1462 Nunc
838 1421 891 1461 ad
908 1422 1179 1472 quaestionem
1201 1422 1368 1461 alteram
1388 1423 1629 1474 transgredi-

187 1498 313 1537 amur,
341 1498 434 1525 num
463 1488 614 1524 textum
645 1485 811 1525 latinum
838 1497 995 1536 quoque
1022 1483 1261 1537 adhibuerit,
1290 1486 1401 1525 cuius
1428 1486 1486 1525 rei
1517 1488 1630 1527 varia

187 1550 355 1590 afferam
373 1549 570 1601 exempla,
590 1550 761 1601 primum
779 1548 889 1600 talia,
909 1548 1052 1599 quibus
1068 1547 1359 1589 demonstretur
1374 1550 1628 1590 Iuvencum

186 1614 436 1665 recepisse
457 1625 478 1652 e
498 1616 634 1652 textu
653 1613 808 1652 latino
828 1612 1174 1652 translationes
1193 1613 1345 1652 minus
1364 1617 1629 1654 accuratas,

345 1676 541 1716 Matthaei
575 1676 700 1716 verba
734 1676 768 1715 V
802 1675 854 1716 39
891 1676 998 1713 «ἀλλ’
1034 1675 1156 1718 ὅστις
1192 1690 1235 1713 σε
1265 1676 1447 1727 ῥα-πίσει
1476 1677 1535 1715 ἐπὶ
1564 1678 1629 1727 τὴν

245 1741 366 1781 δεξιάν
397 1753 466 1777 σου
497 1739 662 1790 σιαγόνα,
693 1739 887 1790 στρέψον
917 1737 1023 1792 αὐτῷ’
1050 1739 1113 1777 καὶ
1141 1739 1206 1789 τὴν
1224 1738 1366 1791 ἄλλην»
1388 1740 1430 1779 in
1449 1739 1630 1780 omnibus

239 1804 323 1844 iere
364 1803 569 1843 codicibus
602 1804 736 1842 latinis
771 1806 979 1842 vertuntur
1016 1802 1087 1842 «si
1119 1802 1227 1853 quis
1262 1805 1299 1842 te
1326 1804 1632 1853 percusserit

239 1867 288 1907 iu
325 1867 532 1907 dexteram
573 1865 790 1906 maxillam
834 1868 959 1916 tuam,
993 1865 1172 1917 praebe
1204 1865 1271 1906 illi
1303 1869 1343 1906 et
1375 1867 1628 1920 alteram1)».

239 1932 450 1972 Neminem
481 1930 624 1982 effugit
650 1930 754 1969 hanc
782 1930 1006 1969 versionem
1033 1942 1113 1969 non
1141 1941 1231 1969 esse
1260 1934 1507 1970 accuratam:
1536 1944 1628 1970 nam

238 2007 327 2034 cum
370 1995 551 2045 legamus
592 1994 632 2032 in
666 2005 812 2044 graeco
853 1992 1052 2044 «ὅστις»,
1094 1992 1201 2043 quod
1233 1992 1357 2033 latine
1393 1997 1455 2033 est
1491 1994 1624 2045 «qui-

239 2070 479 2109 cumque»,
520 2069 599 2097 non
639 2057 697 2096 ita
732 2057 772 2095 in
806 2056 1058 2096 versionibus
1090 2056 1225 2096 latinis
1259 2057 1414 2108 legitur,
1457 2057 1528 2097 sed
1561 2058 1625 2098 vel

242 2121 313 2161 «si
342 2120 482 2172 quis»
541 2120 605 2159 vel
637 2119 799 2170 «qui»,
828 2132 917 2159 cum
946 2119 1181 2159 vocabulum
1210 2118 1472 2170 «ῥαπίζειν»
1501 2120 1624 2159 latine

242 2186 400 2237 proprie
436 2183 633 2235 significet
670 2182 872 2235 «virga»
908 2182 972 2222 vel
1008 2182 1198 2234 «palma
1230 2182 1472 2235 caedere»,
1506 2184 1624 2222 inter-

240 2252 447 2301 pretantur
486 2248 691 2287 versiones
731 2247 881 2286 latinae
921 2246 1029 2286 haud
1064 2249 1251 2286 accurate
1290 2248 1623 2299 «percutere»,

240 2326 327 2353 cum
352 2328 369 2348 «
384 2327 403 2350 0
414 2326 461 2363 τρ
473 2310 490 2350 έ
503 2315 527 2363 ψ
538 2325 557 2349 0
569 2325 585 2349 ν
597 2327 614 2347 »
632 2310 756 2350 latine
772 2311 823 2350 sit
836 2310 888 2350 ad
903 2310 1066 2351 verbum
1082 2309 1402 2351 transferendum
1421 2325 1438 2345 ‹<
1451 2304 1578 2351 verte
1588 2327 1621 2361 »,

240 2381 283 2416 ut
312 2376 438 2416 codex
469 2387 627 2427 quoque
645 2374 885 2414 Bobbiensis
914 2375 1095 2414 similiter
1113 2374 1235 2414 habet
1257 2376 1552 2426 «converte»,
1581 2376 1622 2414 in

294 2534 319 2574 1)
343 2533 376 2565 in
402 2533 478 2566 cod.
500 2532 613 2566 Bobb.
637 2532 688 2574 (k)
717 2533 750 2565 in
774 2532 887 2566 John
910 2531 1390 2566 Wordsworth-White:
1423 2532 1489 2566 Old
1512 2533 1622 2566 Latin

182 2587 337 2621 Biblical
358 2586 464 2619 Teaets
480 2586 533 2619 II.
557 2586 699 2629 legitur:
726 2588 796 2619 «set
820 2586 890 2629 qui
914 2588 945 2620 te
969 2585 1286 2630 eoepalmaverit
1304 2610 1311 2618 .
1328 2611 1335 2618 .
1352 2609 1360 2617 .
1378 2611 1400 2625 .,
1424 2588 1621 2620 converte

182 2642 237 2675 illi
260 2643 292 2675 et
315 2641 493 2674 alteram».
