1800 2904
848 191 899 232 59

206 298 281 337 VII
310 298 399 347 619,
434 297 531 337 VIII
560 298 622 349 66,
657 298 738 337 XII
766 297 854 336 686.
911 297 1141 336 Enuntiatio
1178 306 1334 346 quoque
1374 305 1591 333 «vacuae

206 372 387 400 aurae»
416 361 612 400 invenitur
639 359 746 412 apud
774 360 893 410 Verg.
922 359 1003 398 XII
1037 359 1114 398 592
1146 374 1178 396 «.
1212 389 1219 396 .
1251 388 1258 396 .
1290 387 1300 396 .
1335 368 1523 396 vacuas
1557 356 1593 395 it

204 423 345 475 fumus
373 423 427 464 ad
454 436 648 464 auras».
677 445 727 451 —
756 423 822 461 Lc.
853 422 893 461 II
921 423 966 462 51
1010 422 1181 462 «venit
1206 419 1491 461 Nazareth»
1523 432 1589 459 ex-

206 488 339 538 primit
366 487 450 527 Iuv.
480 486 603 526 1302
635 484 973 537 «patriamque
999 486 1204 526 revisit»
1245 496 1468 536 congruens
1501 496 1588 523 cum

206 551 324 601 Verg.
353 550 496 601 Georg.
522 550 577 590 IV
600 550 684 589 390
715 565 748 587 «.
772 580 780 587 .
803 580 809 587 .
833 580 840 586 .
856 548 1116 600 patriamque
1148 548 1290 589 revisit
1312 548 1317 600 Ι
1342 548 1587 588 Pallenen».

205 638 257 643 —
284 615 338 656 Ut
365 614 509 655 reddat
536 615 733 654 Iuvencus
751 612 864 652 Mtth.
886 613 947 651 III
967 613 1016 652 10
1047 612 1245 652 «Omnis
1274 612 1438 660 arbor,
1469 623 1591 662 quae

205 691 302 719 non
333 678 460 730 facit
491 678 690 730 fructus
725 672 868 717 bonos
897 707 905 715 .
936 706 943 714 .
975 707 981 714 .
1013 692 1061 726 .»‚
1097 679 1264 727 usurpat
1291 676 1441 725 Vergili
1471 687 1590 714 enun-

206 743 410 781 tiationem
445 741 491 780 Gr.
527 742 567 780 II
604 741 682 780 440
720 739 861 790 «ipsae
897 738 1096 779 Caueaseo
1129 739 1331 778 steriles
1364 739 1412 778 in
1444 738 1591 778 vertice

204 804 363 845 silvae
378 835 387 844 .
405 835 411 843 .
429 834 439 844 .
457 820 489 843 .»
512 804 651 844 dicens
669 804 688 842 I
708 804 786 844 336
809 801 1070 843 «Caedentur
1087 802 1243 843 silvae
1261 802 1457 842 steriles
1477 833 1484 840 .
1502 833 1509 840 .
1528 832 1537 840 .
1556 818 1588 840 .»

206 891 259 897 —
284 868 403 919 Apud
430 868 542 906 Mtth.
574 868 630 906 IV
662 868 710 906 13
739 867 883 916 legitur
914 882 947 904 «.
971 897 977 903 .
1000 896 1038 904 ..
1069 870 1109 905 et
1138 865 1395 905 habitavit
1422 896 1428 902 .
1453 896 1459 902 .
1483 896 1489 902 .
1514 897 1520 902 .
1545 864 1593 904 in

205 930 359 980 finibus
393 929 582 970 Zabulon
619 960 626 967 .
660 961 666 967 .
697 960 706 968 .
737 945 794 980 .»‚
836 941 955 979 quam
994 941 1130 968 vocem
1169 928 1480 969 «habitavit»
1519 930 1590 967 cir-

207 994 328 1032 cumit
356 994 438 1032 Iuv.
469 993 488 1031 I
516 993 590 1031 411
633 991 843 1032 «Finibus
875 995 914 1032 et
947 992 1095 1032 statuit
1128 992 1387 1032 Zabulonum
1416 1004 1593 1042 ponere

205 1055 384 1107 sedes»,
413 1067 581 1106 quocum
610 1055 795 1095 conferas
822 1055 941 1106 Verg.
970 1056 1031 1095 III
1060 1055 1110 1095 98
1142 1071 1174 1093 «.
1204 1087 1212 1096 .
1238 1085 1247 1094 .
1277 1085 1285 1094 .
1315 1055 1387 1095 ubi
1409 1068 1593 1106 ponere

205 1119 380 1159 sedes».
411 1142 461 1148 —
489 1119 735 1159 Vocabulum
768 1118 1098 1160 «dormiebat»
1127 1118 1240 1158 Mtth.
1262 1120 1358 1159 VIII
1379 1119 1431 1158 24
1460 1118 1593 1171 («ipse

206 1195 297 1223 vero
333 1182 648 1236 dormiebat»)
684 1183 859 1235 explicat
894 1184 977 1223 Iuv.
1007 1183 1047 1223 II
1077 1184 1126 1223 33
1159 1183 1357 1223 «Interea
1389 1183 1437 1223 in
1463 1183 1593 1234 puppi

207 1259 419 1287 somnum
451 1246 688 1298 carpebat
719 1246 863 1288 Iesus»
901 1259 1123 1298 congruens
1150 1259 1238 1286 cum
1273 1248 1392 1298 Verg.
1427 1248 1481 1286 IV
1514 1247 1593 1286 554

211 1309 401 1350 «Aeneas
428 1310 533 1351 celsa
560 1310 607 1351 in
629 1310 759 1361 puppi
788 1342 797 1350 .
818 1342 826 1349 .
850 1343 856 1349 .
879 1341 888 1350 .
914 1310 920 1363 Ι
947 1309 1190 1361 Carpebat
1215 1323 1451 1363 somnos»,
1486 1310 1591 1361 quod

208 1374 287 1413 iam
335 1374 599 1415 Huemerus
645 1376 807 1414 monuit.
880 1374 1076 1414 Iuvencus
1122 1375 1272 1425 Vergili
1319 1376 1590 1414 enuntiatione

208 1436 365 1477 videtur
391 1449 486 1477 usus
515 1449 603 1477 esse
632 1441 855 1490 propterea,
889 1437 994 1488 quod
1022 1437 1298 1489 imperfectum
1332 1438 1443 1478 verbi
1480 1438 1591 1477 «dor—

207 1500 334 1540 mire»
371 1513 450 1540 non
483 1502 523 1540 in
560 1501 640 1541 alia
674 1501 802 1541 forma
835 1502 911 1541 nisi
948 1501 1221 1552 «dormibat»,
1265 1514 1366 1552 quae
1400 1503 1592 1541 inusitata

208 1567 281 1615 est,
326 1565 365 1603 in
404 1577 522 1604 versu
562 1564 794 1605 hexametro
837 1564 1027 1605 adhibere
1069 1566 1208 1616 potuit.
1251 1588 1302 1593 —-
1345 1564 1459 1612 Quod
1497 1564 1592 1604 dicit

205 1627 319 1667 Mtth.
347 1628 446 1668 VIII
475 1628 524 1668 27
557 1628 682 1669 «Illi
710 1631 869 1669 aut'em
897 1628 1114 1669 homines
1141 1628 1316 1669 mirati·
1342 1631 1485 1669 sunt»
1524 1641 1590 1668 ex-

206 1692 340 1743 primit
387 1693 470 1731 Iuv.
513 1693 554 1731 II
595 1693 646 1732 39
697 1692 822 1733 «Illi
866 1692 1003 1733 inter
1048 1705 1145 1733 sese
1191 1693 1343 1733 timidis
1387 1693 1591 1732 miracula

206 1754 455 1795 miscent».
520 1755 617 1803 Quis
659 1760 719 1795 est
761 1757 854 1807 quin
896 1757 1031 1796 statim
1072 1756 1279 1807 intellegat
1321 1760 1479 1808 poetam
1522 1756 1588 1796 ad-

206 1818 382 1857 hibuisse
410 1819 527 1869 Verg.
549 1818 630 1857 XII
650 1819 726 1858 '720
758 1819 882 1859 «Illi
909 1819 1044 1859 inter
1071 1832 1171 1859 sese
1199 1820 1330 1859 multa
1357 1819 1398 1859 vi
1426 1820 1592 1859 volnera

206 1881 452 1922 miscent».
491 1906 540 1911 —
574 1881 727 1923 Eodem
762 1882 879 1923 modo
914 1884 1036 1922 utitur
1071 1883 1154 1923 Iuv.
1191 1884 1460 1923 enuntiatione
1496 1884 1589 1923 Ver-

207 1946 370 1997 giliana,
398 1958 475 1996 quo
503 1946 589 1986 loco
618 1948 802 1998 exprimit
824 1947 937 1987 Mtth.
958 1947 1019 1986 IX
1042 1948 1088 1987 lO
1121 1947 1263 1987 «homo
1291 1949 1381 1987 erat
1398 1960 1593 1987 manum

208 2008 389 2050 habens
408 2008 640 2060 aridam»,
670 2009 807 2050 dicens
826 2011 867 2049 II
888 2010 1035 2063 585J86
1067 2010 1299 2051 «Siccatum
1322 2024 1378 2051 ex
1396 2023 1593 2051 numero

207 2073 274 2113 cui
306 2073 469 2124 pondus
508 2073 659 2114 inutite
693 2074 858 2124 palmae
887 2075 894 2127 Ι
923 2074 1177 2115 Pendebat
1212 2106 1220 2114 .
1253 2107 1258 2113 .
1291 2104 1299 2113 .
1330 2092 1378 2114 .»‚
1449 2076 1590 2114 Statim

207 2137 321 2176 nobis
363 2138 404 2176 in
446 2140 616 2177 mentem
657 2138 766 2177 venit
806 2138 845 2177 X
886 2140 959 2179 341
1018 2139 1291 2191 «dexteraque
1338 2152 1393 2179 ex
1434 2152 1593 2179 umero

205 2200 343 2241 nervis
369 2200 613 2242 moribunda
634 2202 901 2253 pependit»
934 2206 973 2242 et
1001 2202 1112 2242 locus
1141 2203 1281 2242 similis
1309 2203 1364 2242 VI
1392 2203 1482 2253 301,
1516 2217 1592 2253 quo

208 2264 258 2304 de
294 2264 474 2305 Charone
517 2264 615 2305 dicit
650 2265 866 2306 «sordidus
907 2279 962 2306 ex
1002 2266 1186 2307 umeris
1223 2267 1325 2307 nodo
1359 2266 1594 2317 dependet

206 2329 422 2369 amictus».
461 2351 511 2357 —
548 2330 696 2369 Vocem
728 2330 971 2382 «alliqare»
1005 2329 1134 2382 (Mtth.
1164 2331 1245 2369 XII
1274 2331 1323 2369 29
1358 2330 1444 2370 nisi
1472 2332 1593 2382 prius

207 2392 503 2445 alliqaverit
524 2392 685 2446 fortem)
712 2395 891 2433 circumit
916 2394 1000 2434 Iuv.
1024 2394 1229 2446 11617s18
1259 2394 1330 2434 «ni
1352 2394 1474 2445 prius

206 2457 413 2497 custodum
428 2456 654 2497 bracchia
667 2457 807 2497 nodis
837 2456 843 2509 Ι
876 2457 1079 2497 Vinciat
1103 2474 1230 2508 ....»‚
1251 2459 1326 2497 nisi
1350 2458 1477 2510 fallor,
1500 2472 1593 2498 usus

206 2523 246 2559 et
273 2520 448 2571 Vergilio
473 2519 492 2558 Ι
512 2518 588 2559 295
619 2535 653 2558 <<.
676 2550 684 2558 .
707 2550 744 2558 ..
773 2520 978 2560 vinetus
1006 2550 1045 2558 ..
1068 2551 1076 2560 .
1098 2550 1107 2559 .
1133 2521 1138 2571 Ι
1166 2552 1172 2558 .
1196 2551 1203 2558 .
1224 2550 1263 2558 ..
1293 2521 1438 2561 nodis
1467 2538 1589 2560 ....»

206 2587 245 2623 et
273 2582 471 2623 Corneli
500 2582 626 2623 Galli
657 2581 793 2623 Giride
821 2584 898 2624 450
930 2600 962 2623 «.
986 2615 993 2623 .
1016 2614 1054 2623 ..
1087 2583 1313 2625 bracchia
1340 2585 1514 2625 nodis.»
1542 2607 1590 2614 —

206 2647 340 2688 Verba
386 2648 470 2688 Iob.
512 2648 546 2687 V
587 2647 657 2687 24:
708 2663 742 2686 «.
778 2678 786 2686 .
825 2678 832 2685 .
872 2678 880 2687 .
923 2648 1070 2689 habet
1114 2648 1266 2688 vitam
1314 2652 1589 2690 aeternam»
