1800 2904
873 140 924 181 78

208 243 279 282 IX.
310 244 452 283 Ratio
479 243 642 284 harum
663 245 1034 286 collocationum
1054 248 1370 289 continuatur
1397 251 1443 289 in
1470 249 1616 300 pluri-

309 308 394 346 bus
422 308 705 360 versibus¹):

308 382 390 421 Iuv.
487 382 506 420 I
567 383 613 421 18
637 395 714 433 sq:
742 382 1001 434 Praecipit
1026 387 1065 423 et
1091 415 1100 423 .
1131 415 1139 424 .
1210 416 1218 424 .

741 446 1020 498 Promitit„
1066 478 1074 486 .
1093 478 1100 487 .
1122 448 1190 488 cui
1211 449 1347 500 qloria
1366 453 1523 490 restat

862 511 971 560 .qui
1001 541 1009 549 .
1042 542 1050 550 .
1080 542 1088 549 .
1119 542 1127 550 .
1159 515 1380 562 quaeret;

229 571 334 610 idem
366 573 419 611 IV
450 573 526 611 243
557 585 614 622 sq.
646 576 686 611 et
714 573 945 625 262J63s64.

308 648 402 685 Iuv.
448 648 508 685 III
535 647 613 687 493
635 660 713 697 sq·
684 678 873 687 ......
900 648 1101 699 ferebat

740 710 962 761 Suscipit
988 715 1026 751 et
1053 742 1061 751 .
1083 743 1091 750 .
1115 743 1123 751 .
1145 741 1153 751 .
1183 713 1289 763 quod
1313 713 1614 764 prohiberet,

741 774 1016 826 Increpat.
1047 807 1054 814 .
1087 807 1094 815 .
1125 806 1135 815 .

309 839 392 876 Iuv.
449 838 505 876 IV
538 839 611 876 149
630 851 707 887 sq:
738 838 988 878 Absoiidet
1014 868 1022 876 .
1054 868 1063 877 .
1093 869 1102 877 .
1132 869 1141 878 .
1170 840 1240 887 sol,

740 900 989 941 Amittet.

780 995 787 1002 .
820 995 827 1002 .
860 995 867 1002 .
897 965 1207 1015 relinquent,

308 1028 390 1065 Iuv.
449 1028 504 1066 IV
534 1027 707 1077 471sq.·
739 1027 947 1067 Inducit
975 1059 1142 1079 .....

740 1091 930 1139 audiet,
960 1094 1044 1131 ut.

740 1154 868 1193 dices
896 1158 934 1194 et
961 1184 970 1192 .
1002 1186 1009 1193 .
1040 1188 1049 1196 .
1081 1186 1087 1193 .
1117 1156 1347 1207 περαόἱε,

228 1230 395 1268 quocum
423 1218 510 1257 loco
540 1217 589 1257 cf.

306 1282 446 1331 Verg.
467 1282 522 1321 VI
542 1282 620 1322 847
641 1294 721 1331 sq.:
742 1281 984 1321 excudent
1012 1312 1020 1320 .
1053 1313 1059 1320 .

738 1345 993 1385 orabunt.
1024 1376 1031 1383 .
1063 1375 1071 1383 .
1103 1376 1110 1383 .

741 1408 1019 1448 describent
1047 1442 1055 1450 .
1087 1439 1094 1446 .
1128 1440 1134 1447 .
1166 1440 1173 1447 .
1205 1408 1376 1449 dicent.

280 1485 537 1529 Quomodo
573 1485 814 1522 Iuvencus
851 1485 945 1523 duo
980 1486 1299 1523 substantiva
1335 1486 1380 1523 et
1415 1485 1508 1523 duo
1538 1487 1609 1523 at-

172 1548 363 1585 tributa
391 1549 436 1585 in
466 1558 563 1585 uno
593 1557 742 1585 versu
772 1545 1098 1597 disposuit²)?

332 1620 497 1671 Omnes,
540 1621 607 1669 qui
649 1620 864 1658 Iuvencum
906 1620 1059 1671 legent,
1108 1621 1233 1659 oculis
1281 1621 1523 1671 perspicient
1569 1621 1609 1659 in

224 1684 385 1722 Iuvenci
406 1695 495 1723 esse
516 1682 669 1723 deliciis
689 1684 794 1722 omni
815 1683 898 1722 fere
919 1683 1168 1722 substantivo
1189 1683 1348 1723 adicere
1364 1684 1607 1723 attributum.

226 1735 469 1799 Saepissime
499 1751 632 1786 autem
660 1748 913 1786 inveniuntur
941 1759 1018 1786 uno
1047 1748 1087 1786 in
1112 1759 1229 1786 versu
1248 1747 1326 1787 duo
1346 1747 1609 1799 substantiva,

225 1823 389 1860 quorum
418 1814 626 1860 utrumque
656 1822 789 1849 secum
818 1810 941 1849 habet
969 1811 1213 1850 attributum.
1259 1811 1391 1850 Etiam
1413 1811 1610 1851 Iuvencus

225 1876 402 1924 sequitur
436 1874 579 1924 legem,
621 1885 738 1923 quam
774 1873 1049 1913 Nordenius
1092 1875 1148 1913 ita
1190 1873 1437 1926 exprimit³):
1479 1874 1610 1926 „falls

224 1950 301 1977 von
327 1937 425 1976 ewei
454 1937 747 1977 Substantiven
785 1937 857 1976 das
892 1937 981 1976 eine
1016 1936 1083 1976 ein
1112 1937 1300 1976 Attribut
1326 1939 1408 1986 hat,
1438 1950 1480 1976 so
1507 1937 1611 1976 wird

225 2000 331 2040 auch
360 2000 447 2039 dem
473 1999 642 2039 eweiien
677 1999 745 2038 ein
780 1999 931 2038 solches
965 1999 1273 2051 hineuyefiiyt‘fi
1331 2001 1471 2049 Itaque
1506 2012 1609 2038 nunc

225 2067 450 2115 spectemus
498 2062 694 2113 quomodo
742 2064 936 2103 Iuvencus
982 2062 1050 2102 illa
1097 2063 1348 2103 substantiva
1395 2075 1607 2113 eorumque

224 2127 417 2166 attributa
447 2126 627 2165 diviserit
655 2128 695 2164 in
725 2139 842 2164 unum
872 2134 1067 2165 versum·

330 2202 426 2242 Cum
450 2200 652 2242 Nordenio
680 2199 833 2241 faciens
862 2200 1095 2252 significabo
1124 2202 1316 2242 attributa
1338 2202 1499 2241 minutis
1522 2213 1605 2240 «a»

223 2270 262 2305 et
294 2267 378 2305 «b»
411 2266 564 2315 litteris,
600 2265 851 2305 substantiva
883 2264 1102 2316 grandibus
1133 2266 1227 2304 «A»
1259 2269 1299 2305 et
1330 2266 1420 2303 «B»
1452 2265 1607 2304 litteris.

327 2360 374 2398 In
404 2360 566 2398 Iuvenci
595 2372 713 2399 versu
742 2362 759 2399 I
789 2360 883 2400 518:
916 2336 1125 2400 «ultaima
1153 2374 1274 2412 quam
1291 2330 1492 2402 ‘molimini
1519 2362 1607 2402 red-

223 2454 348 2493 datur
362 2423 523 2503 porAtio
545 2422 759 2494 nazanzi»
783 2454 976 2493 habemus
997 2455 1296 2495 collocationem
1317 2455 1475 2507 abAB‚
1505 2468 1606 2506 quae

277 2613 301 2652 ¹)
326 2612 365 2644 N.
389 2622 422 2653 p.
446 2614 519 2646 384.
605 2613 631 2654 2)
654 2612 695 2645 N.
718 2612 738 2644 1.
764 2622 792 2644 c.
815 2622 849 2653 p.
873 2614 945 2647 384.
1030 2613 1057 2651 ³)
1081 2612 1101 2644 l.
1126 2623 1154 2645 c.
1177 2623 1211 2654 p.
1234 2615 1307 2647 386.
