1800 2904
874 155 924 194 32

285 258 622 308 Evangelista.
1078 259 1343 303 Iuvencus.

893 335 1023 371 LIber
1047 338 1226 381 quartus
1250 337 1396 380 (reliqua
1417 337 1524 379 pars).

802 407 881 439 Iesu
898 416 1014 440 coram
1029 406 1142 440 Pilato
1159 406 1284 439 ductus
1299 406 1502 439 Barrabbae
1517 406 1613 447 post-

175 454 335 486 Versus
348 453 740 496 616l17resp0ndent
844 458 985 492 habitus
1008 459 1192 492 damnatur
1214 461 1384 494 586—625
1413 473 1453 487 =
1483 457 1614 492 xxvn

211 507 349 539 Lucae
368 517 402 539 v.
422 507 539 539 XXIII
556 506 644 547 2(ct.
656 516 737 548 pag.
850 515 876 552 1,
900 514 930 553 2,
956 514 1097 554 11-263

212 561 278 601 23·)
291 560 422 592 Versus
432 560 564 592 XXVII
575 561 678 597 1.-30
690 560 741 592 ita
803 563 910 596 Iudae
923 573 1001 596 sera
1012 563 1227 605 poenitentia
1239 566 1406 598 626-641
1425 576 1465 592 =
1482 562 1614 596 XXVII

213 614 571 653 transponuntur:
597 615 624 653 l,
647 615 676 654 2,
701 615 737 646 11
845 619 966 659 3-10;

213 669 307 706 —26‚
331 668 447 706 3—10,
471 668 608 700 27—30.
803 671 899 702 Iesus
914 669 1069 702 illuditur
1080 672 1250 704 642—649
1266 683 1307 698 =
1324 669 1456 703 XXVII
1471 671 1617 711 27—303

803 723 901 755 Iesus
916 721 1053 754 ducitur
1065 722 1099 754 in
1113 721 1288 764 Golgatha
1303 725 1454 755 montem
1471 724 1506 754 et
1522 720 1616 753 cruci

847 773 1001 816 affigitur
1023 777 1194 810 650—700
1216 788 1257 804 =
1281 775 1413 808 XXVII
1435 776 1578 814 31-493

804 828 868 859 Ies.
882 827 1026 859 moritur
1042 830 1078 859 et
1092 830 1257 868 portenta
1267 830 1349 868 post
1360 829 1506 859 mortem
1520 825 1616 858 facta

847 882 1016 914 701—713
1040 893 1080 907 Ξ
1105 879 1236 913 XXVII
1259 881 1403 922 50—54;

803 932 868 964 Ies.
910 932 1075 973 sepelitur
1115 942 1137 965 a
1172 932 1297 974 Ioseph
1340 932 1384 965 ab
1423 930 1617 964 Arimathia

847 986 1015 1019 714—726
1039 998 1079 1013 :z
1103 985 1236 1019 XXVII
1259 987 1404 1027 55—613

805 1036 973 1070 Custodia
995 1040 1165 1072 727—742
1188 1051 1229 1066 =
1252 1037 1386 1071 XXVII
1410 1039 1553 1079 62—663

803 1090 1027 1123 Resurrectio
1049 1092 1217 1125 743—751
1242 1103 1282 1118 z
1305 1089 1454 1123 XXVIII
1479 1091 1582 1131 1—43

804 1144 960 1186 Angelus
983 1146 1018 1176 et
1034 1143 1195 1177 mulieres
1211 1145 1382 1179 752-775
1405 1156 1446 1171 z
1470 1141 1617 1176 XXVIII

806 1198 980 1283 01158ῐοῖἰέ
1010 1249 1164 1290 corrupti
1191 1251 1362 1283 776—783
1395 1261 1436 1276 =
1470 1247 1618 1281 XXVIII

805 1304 994 1389 Uliilmalgd
1011 1355 1200 1398 discipulos
1216 1354 1382 1388 mandata
1393 1355 1561 1389 784-801
1577 1364 1617 1380 z:

848 1407 998 1442 XXVIII
1024 1410 1160 1443 16—20.

285 1524 324 1577 e)
346 1525 423 1564 Ars
443 1528 482 1563 et
500 1523 614 1575 fides,
635 1523 777 1574 quibus
797 1525 993 1564 Iuvencus
1012 1527 1221 1565 materiam
1240 1529 1420 1565 sanctam
1439 1524 1619 1564 versibus

182 1589 391 1640 commisit,
421 1589 457 1627 ei
487 1579 577 1627 sunt
605 1586 725 1626 laudi.
772 1588 859 1627 Etsi
887 1589 1083 1628 Iuvencus
1111 1588 1190 1629 fide
1217 1588 1438 1640 prohibitus
1466 1591 1528 1627 est
1554 1599 1619 1626 res

179 1652 230 1691 ab
258 1651 518 1701 evangelistis
537 1649 707 1690 traditas
729 1654 896 1702 mutare,
924 1655 1058 1692 tamen
1077 1653 1227 1693 veritus
1245 1665 1324 1691 non
1343 1655 1404 1692 est
1422 1650 1618 1690 interdum

180 1714 313 1754 facere
343 1717 668 1761 mutationes,
697 1726 800 1764 quae
828 1726 892 1754 res
911 1715 1022 1766 ipsas
1041 1719 1204 1757 sanctas
1222 1728 1301 1756 non
1322 1715 1485 1755 violant.
1530 1714 1619 1754 Hae

180 1782 483 1820 mutationes
504 1782 717 1818 cernuntur
736 1779 799 1818 vel
818 1780 859 1818 in
878 1782 1411 1829 praeter-missionibus
1427 1780 1521 1819 etin
1536 1781 1618 1819 de-

179 1845 513 1884 tractionibus
541 1843 606 1882 vel
633 1844 674 1882 in
694 1845 1050 1885 additamentis
1071 1848 1112 1883 et
1131 1845 1619 1895 amplificationibus

179 1907 242 1947 vel
269 1909 309 1947 in
337 1909 833 1957 transpositionibus
861 1907 925 1946 vel
952 1910 992 1947 in
1021 1910 1138 1948 aliis
1167 1910 1325 1953 rebus.

286 1972 459 2010 Primum
489 1983 608 2021 agam
637 1970 687 2010 de
716 1973 1268 2021 praeter-missionibus:

287 2034 418 2086 Supra
432 2033 489 2087 (p.
506 2033 680 2086 24—32)
699 2034 968 2075 demonstravi
984 2036 1199 2075 Iuvencum
1219 2039 1258 2075 et
1277 2035 1410 2088 plures
1430 2033 1620 2087 deinceps

179 2110 318 2138 versus
354 2104 393 2137 et
427 2097 604 2148 singulos
640 2099 975 2148 evangelistarum
1009 2099 1049 2138 in
1083 2099 1257 2139 carmine
1293 2111 1364 2139 suo
1394 2098 1619 2150 neglegere.

180 2161 335 2209 Quibus
381 2173 431 2200 ex
479 2162 611 2201 causis
652 2162 848 2202 Iuvencus
894 2174 1023 2213 neque
1068 2162 1141 2202 hos
1182 2173 1310 2213 neque
1352 2161 1441 2202 illos
1481 2173 1620 2201 versus

180 2226 426 2275 tractaverit,
449 2237 539 2264 raro
560 2237 800 2275 cognoscere
820 2234 1041 2276 possumus.
1088 2225 1385 2265 Verisimillima
1405 2228 1465 2265 est
1484 2236 1619 2275 causa,

182 2300 300 2338 quam
319 2287 523 2327 Maroldus
542 2288 672 2339 affert,
698 2301 767 2328 cur
786 2290 981 2329 Iuvencus
999 2289 1186 2328 carminis
1205 2289 1345 2329 initum
1363 2299 1443 2328 non
1462 2299 1487 2327 a
1504 2286 1619 2327 Mtth.

181 2352 313 2404 capite
323 2353 353 2391 I.
364 2352 526 2404 ceperit.
553 2352 748 2392 Matthaei
765 2352 963 2404 evangelii
978 2355 1098 2405 caput
1112 2353 1143 2392 I.
1152 2353 1328 2393 continet
1341 2350 1618 2403 genealogiam

180 2416 272 2454 Iesu
308 2416 466 2455 Christi.
522 2416 689 2456 Duobus
725 2428 773 2455 ex
808 2417 940 2456 causis
975 2417 1171 2456 Iuvencus
1204 2415 1307 2455 hanc
1341 2414 1618 2466 genealogiam

180 2478 362 2519 versibus
396 2491 475 2519 non
511 2478 738 2532 explicavit,
775 2483 813 2520 et
850 2478 955 2531 quod
990 2483 1153 2532 propter
1186 2483 1244 2520 tot
1270 2479 1431 2519 nomina
1457 2479 1619 2531 propria

181 2542 357 2582 difficilis
396 2555 524 2593 neque
565 2542 711 2582 idonea
753 2547 839 2582 erat
880 2547 919 2582 et
960 2543 1065 2593 quod
1106 2545 1302 2583 Iuvencus
1341 2542 1525 2594 timebat,
1567 2554 1617 2581 ne

182 2605 351 2646 Romani
379 2604 455 2646 hac
484 2618 561 2646 non
590 2605 707 2646 modo
728 2619 808 2647 non
829 2605 1135 2659 delectarentur,
1164 2604 1236 2646 sed
1258 2604 1553 2647 offenderentur
1575 2609 1619 2646 ut
