1800 2904
873 160 925 200 36

338 265 435 304 Post
466 264 628 303 Iuvenci
655 277 691 304 v.
721 266 783 305 111
813 265 891 305 640
922 284 970 298 =
999 265 1113 305 Mtth.
1142 266 1240 305 XXI
1272 267 1320 306 10
1349 265 1623 307 desideramus

232 327 344 366 Mtth.
365 339 505 367 versus
524 327 622 366 XXI
647 327 694 366 12
710 331 750 367 et
768 328 829 379 13,
848 328 992 378 quibus
1011 331 1207 380 narratur,
1225 328 1422 380 quomodo
1442 328 1623 369 Christus

232 395 474 432 mercatores
502 391 650 443 templo
680 392 868 444 expellat.
916 393 1129 433 Iuvencum
1159 392 1248 433 illos
1276 404 1416 433 versus
1440 393 1622 433 omisisse

233 459 423 506 apparet,
470 455 576 505 quod
618 456 723 494 hanc
764 456 1034 494 narrationem
1078 456 1158 494 iam
1204 454 1424 494 secundum
1470 455 1552 496 Ioh.
1582 456 1622 494 11

233 518 387 558 14—16
418 537 466 551 =
497 519 580 558 Iuv.
611 519 649 558 II
684 518 891 558 155--162
919 520 1119 558 tractavit.

283 593 327 631 In
363 604 544 632 sermone
578 593 767 633 hebraico
802 592 932 643 figura
965 597 1097 633 exstat
1134 592 1509 632 «membrorum»
1553 594 1619 642 qui

177 656 322 695 dicitur
343 656 769 708 parallelismus»,
803 669 907 707 quae
930 656 1178 707 'saepissime
1207 657 1377 695 occurrit
1404 657 1444 695 in
1472 655 1615 706 grandi

178 731 360 759 sermone
402 720 590 759 librorum
640 720 788 759 veteris
837 720 1077 759 testamenti.
1126 718 1230 772 ‚Sed
1272 720 1395 759 etiam
1437 718 1618 759 Christus

177 782 342 823 adhibet
389 783 491 823 hanc
537 783 707 833 figuram
755 785 795 822 in
845 783 1102 823 orationibus.
1172 782 1385 822 Praeclare
1428 782 1620 822 describit

176 847 242 885 Fr.
291 846 528 896 Buhlius1)
577 859 667 885 eam
713 846 774 885 his
820 847 969 886 verbis:
1025 846 1138 885 «Die
1182 845 1334 885 reinste
1381 845 1508 885 Form
1554 845 1621 885 des

176 908 493 950 Parallelismus
524 909 620 961 lieyt
646 921 728 958 vor,
758 922 816 949 wo
845 909 916 949 der
934 908 1081 950 Inhalt
1107 908 1217 949 eines
1247 908 1364 949 nicht
1389 921 1440 949 eu
1473 909 1623 960 lanqen

177 972 317 1013 Satzes
345 973 393 1012 in
419 972 638 1012 variierter
666 971 793 1011 Form
820 972 1055 1015 wiederholt
1080 971 1196 1021 wird,
1226 984 1268 1011 so
1296 972 1375 1018 ἄαβ
1398 972 1468 1011 ἄεν
1486 971 1623 1011 eweite

176 1035 276 1075 Satz
305 1034 378 1075 wie
405 1034 474 1075 ein
501 1034 614 1075 Echo
642 1035 708 1074 des
735 1037 870 1074 ersten
899 1033 1035 1085 klinqt
1065 1057 1117 1063 —
1151 1034 1222 1075 der
1248 1047 1326 1087 ⁸⁰9·
1355 1046 1625 1086 synonyme

176 1098 608 1139 Parallelismus».
646 1099 808 1149 Neque
836 1101 996 1140 autem
1025 1098 1263 1139 Iuvencus
1290 1098 1623 1138 obtinethanc

179 1162 403 1213 figuram.
460 1162 666 1214 Exemplis
695 1161 1008 1202 demonstretur:

337 1236 533 1275 Vei-suum
568 1235 682 1274 Mtth.
717 1237 792 1275 VII
826 1236 849 1274 7
884 1240 923 1274 et
958 1236 995 1286 8,
1033 1237 1100 1286 qui
1134 1235 1303 1275 eandem
1341 1236 1622 1286 cogitationem

232 1299 448 1348 continent,
486 1298 629 1348 «petite
662 1301 701 1337 et
733 1297 901 1337 dabitur
935 1297 1056 1347 vobis,
1093 1297 1276 1349 quaerite
1310 1300 1349 1337 et
1383 1297 1625 1347 invenietis,·

226 1361 391 1412 pulsate
433 1363 471 1400 et
512 1360 718 1411 aperietur
758 1360 867 1400 vobis
908 1361 984 1411 (7).
1049 1360 1189 1401 Omnis
1232 1361 1357 1410 enim,
1401 1360 1473 1411 qui
1507 1360 1623 1411 petit,

232 1424 402 1475 accipin
443 1426 482 1463 et
521 1423 702 1475 quaerit,
745 1423 928 1473 invenit,·
968 1426 1008 1464 et
1039 1424 1231 1475 pulsanti
1274 1423 1481 1475 aperietur
1516 1424 1623 1471 (8)».

231 1489 426 1528 Iuvencus
455 1491 608 1527 tantum
638 1499 796 1527 versum
826 1487 851 1527 8
880 1488 1043 1539 respicit
1070 1487 1089 1527 I
1117 1486 1277 1539 668s69.

284 1555 627 1601 Eodem'modo
657 1563 760 1612 agit
789 1562 1041 1614 Iuvencus,
1071 1574 1173 1602 cum
1202 1562 1515 1613 evangelista
1543 1573 1622 1601 ex-

177 1627 343 1678 primit
385 1638 524 1665 unam
565 1625 860 1676 eandemque
903 1626 1198 1666 sententiam
1240 1630 1284 1666 et
1325 1626 1536 1677 positive
1578 1629 1624 1665 et

176 1690 419 1739 negative.
482 1688 616 1728 Nihil
652 1688 784 1727 aliud
826 1689 1015 1728 obtinet
1056 1690 1152 1728 nisi
1195 1691 1498 1729 sententiam
1542 1691 1624 1728 aut

177 1754 449 1803 positivam
480 1754 563 1792 aut
591 1754 901 1802 negativam:

340 1826 471 1865 Veluti
508 1826 615 1877 apud
649 1825 764 1865 Mtth.
800 1827 855 1865 VI
893 1825 1010 1877 14s15
1043 1826 1213 1876 legimus
1257 1825 1325 1865 «si
1363 1826 1472 1866 enim
1506 1825 1622 1865 dimi-

231 1889 368 1929 seritis
404 1888 637 1929 hominibus
665 1891 832 1939 peccata
866 1902 1014 1938 eorum,
1058 1888 1232 1929 dimittet
1272 1892 1311 1929 et
1347 1888 1457 1929 vobis
1497 1888 1624 1929 Pater

231 1952 414 1992 caelestis
455 1952 602 1992 delicta
642 1955 777 1992 vestra
816 1952 914 2004 (14).
983 1952 1031 1992 Si
1072 1955 1206 1992 autem
1253 1964 1338 1992 non
1382 1951 1621 1991 dimiseritis

233 2015 477 2064 hominibus,
497 2027 571 2055 nec
579 2018 701 2065 pater
715 2017 843 2055 vester
858 2014 1033 2055 dimittet
1046 2014 1155 2055 vobis
1163 2016 1330 2066 peccata
1343 2016 1477 2055 vestra
1494 2014 1509 2067 (
1517 2014 1621 2066 15)
1587 2031 1605 2050 »

229 2091 350 2119 unam
373 2078 622 2129 eandemque
644 2091 739 2129 ergo
760 2079 999 2118 sententiam
1020 2082 1067 2117 et
1085 2079 1303 2130 positive
1323 2082 1369 2117 et
1395 2079 1621 2129 negative

233 2154 487 2195 expressam3
535 2142 606 2182 sed
648 2142 861 2182 Iuvenco
911 2142 1112 2212 sufficit
1158 2143 1358 2183 sententia
1403 2143 1621 2195 positiva

232 2208 250 2246 Ι
279 2207 502 2247 601—603.

339 2282 401 2320 Ita
429 2292 494 2320 res
523 2293 566 2319 se
594 2280 716 2320 habet
734 2281 817 2320 Ioh.
838 2281 873 2320 V
893 2281 1013 2333 46s47
1047 2281 1106 2320 «si
1124 2280 1232 2320 enim
1250 2279 1458 2320 crederitis
1476 2278 1620 2331 Moysi,

231 2343 440 2384 crederitis
474 2342 655 2395 forsitan
689 2346 729 2383 et
759 2343 885 2393 mihi,·
920 2344 968 2384 de
1000 2357 1061 2384 me
1094 2343 1202 2384 enim
1236 2343 1308 2383 ille
1334 2342 1497 2393 scripsit
1523 2342 1618 2396 (46).

230 2407 276 2447 Si
311 2410 446 2447 autem
480 2406 600 2447 illius
637 2406 784 2446 litteris
818 2419 904 2446 non
939 2406 1113 2456 creditis,
1151 2406 1339 2457 quomodo
1366 2405 1498 2445 verbis
1525 2406 1622 2446 meis
1704 2453 1707 2455 Α

287 2564 311 2600 ¹)
335 2563 386 2595 in:
411 2564 747 2606 Realenzyklopc'idie
771 2565 797 2607 f.
816 2566 909 2605 prot.
937 2564 1051 2597 Theol.
1075 2575 1108 2597 u.
1134 2563 1265 2596 Kirche
1288 2562 1347 2596 IV
1359 2574 1396 2605 p.
1419 2565 1483 2597 626
1503 2566 1535 2596 et
1559 2566 1623 2597 633

177 2627 204 2649 s,
228 2627 258 2649 v.
286 2616 550 2650 «Dichtkunst».
1338 2640 1341 2643 Δ
1626 2633 1632 2638 ·
