1800 2904
461 741 494 851 omnis
462 519 496 703 multitudo
465 321 506 475 regionis

513 596 548 850 Gerasenorum
518 541 547 580 ut
515 321 550 518 discederet

564 807 597 850 ab
565 718 608 784 eis3
565 574 600 696 timore
568 466 600 556 enim
578 322 611 450 magno

242 626 284 852 quividerant
242 438 285 617 quomodo
253 322 278 429 sanus

617 576 655 850 continebantur.

192 795 224 851 36:
190 516 223 773 Nuntiaverunt
191 411 230 501 enim
191 321 224 388 illis

296 758 327 851 esset
294 605 338 736 iactus3

390 1076 451 1250 rogabant
411 1023 440 1060 ut
411 895 441 1008 trans·
411 795 444 851 37:
411 722 442 757 et
413 469 452 686 rogaverunt
412 322 445 436 Iesum

242 1104 276 1213 deest.

469 1774 492 1851 nem
460 1581 502 1751 linqueret
460 1466 492 1559 illam
459 1357 492 1424 iret
469 1314 492 1335 a
459 1168 493 1293 finibus
470 1016 493 1145 eorum.

239 1676 272 1786 deest.

344 1685 376 1749 Mc.
344 1640 376 1671 V
346 1586 379 1627 15

410 1939 442 1995 75:
407 1754 440 1909 Orabant
386 1602 449 1734 W
407 1466 449 1580 regio·
409 1362 442 1423 34:
433 1268 440 1275 .

523 2015 687 2019 l

241 2407 274 2570 viderant
241 2216 283 2363 qualiter
240 2042 274 2172 factum

296 2477 328 2570 esset
293 2400 326 2432 ei
293 2298 335 2355 qui
293 2041 326 2260 daemonium

345 2400 379 2572 habuerat
348 2342 379 2377 et
345 2277 379 2320 de
346 2127 387 2255 porcis.

389 2518 442 2573 Et*
418 2367 451 2495 rogare
418 2261 441 2338 eum
411 2041 449 2231 coeperunt

192 2533 222 2569 et
192 2282 223 2511 narraverunt
182 2187 221 2267 ‘illis
189 2125 221 2159 hi
189 2042 231 2098 qui

466 2614 468 2616 “
464 2534 494 2573 ut
460 2294 494 2491 discederet
461 2209 494 2251 de
459 2043 495 2169 finibus

523 2442 547 2573 eorum.

192 2638 224 2676 16

410 2641 442 2681 17

880 215 927 254 21

809 323 1022 362 Iuvencum
1041 321 1116 361 hoc
1134 321 1220 362 loco
1239 319 1487 360 Matthaeum
1510 331 1627 359 evan—

755 385 941 436 gelistam
968 397 1048 425 non
1077 387 1188 435 sequi
1210 397 1260 424 ex
1280 396 1328 424 eo
1348 395 1507 434 quoque
1524 382 1628 422 effici

755 453 863 502 puto,
905 448 1012 500 quod
1044 448 1272 489 Matthaeus
1308 448 1421 488 «duo
1449 446 1630 487 homines

756 513 969 554 daemonia
988 512 1205 553 habentes»
1226 514 1521 562 commemorat,
1540 523 1628 550 cum

753 578 911 617 Marcus
940 581 979 616 et
1003 578 1134 616 Lucas
1153 588 1288 615 unum
1308 579 1627 615 commemorent.

754 640 836 681 Sed
863 642 1076 679 Iuvencum
1104 639 1169 679 hic
1198 640 1319 679 etiam
1349 639 1480 678 Lucae
1510 650 1628 677 evan-

752 704 900 755 gelium
926 715 1005 743 non
1034 704 1145 753 sequi
1173 706 1269 754 puto
1290 706 1504 753 propterea
1522 700 1629 751 quod

752 778 936 805 versuum
956 765 1065 817 ordo,
1085 777 1203 816 quem
1216 765 1284 804 ille
1300 764 1493 816 adhibuit,
1509 763 1628 803 valde

752 829 803 868 ab
840 830 1012 868 Iuvenco
1048 832 1336 868 transmutatus
1377 832 1496 879 esset,
1539 840 1626 867 cum

751 892 876 932 Marci
926 893 1166 948 narrationis
1211 891 1309 932 ordo
1358 903 1488 943 paene
1536 904 1626 932 con-

751 959 868 1008 gruat
891 968 980 996 cum
1005 956 1191 996 Iuvenco.
1232 955 1391 996 Deinde
1414 956 1627 996 Iuvencum

750 1020 826 1060 hoc
853 1021 941 1060 loco
969 1032 1048 1059 non
1075 1021 1132 1059 uti
1166 1020 1277 1059 Luca
1311 1032 1360 1059 ex
1397 1032 1444 1060 eo
1473 1032 1628 1071 quoque

753 1083 964 1136 concludo,
1005 1083 1111 1135 quod
1152 1096 1230 1124 non
1270 1083 1393 1124 habet
1433 1085 1628 1125 rationem

753 1160 886 1187 eorum
930 1148 1072 1198 quibus
1110 1149 1242 1187 Lucas
1289 1148 1492 1199 discrepat
1540 1161 1628 1187 cum

751 1211 886 1251 Marco
929 1211 993 1250 vel
1035 1224 1138 1262 quae
1178 1212 1310 1251 Lucas
1351 1211 1467 1263 plura
1506 1211 1629 1251 habet

753 1287 871 1324 quam
890 1275 1061 1314 Marcus.
1107 1275 1238 1313 Veluti
1258 1275 1392 1314 Lucae
1419 1287 1559 1315 versus
1578 1276 1623 1314 31

755 1340 980 1378 «venerunt
998 1337 1210 1378 daemonia
1228 1338 1360 1379 multa
1376 1340 1415 1378 et
1426 1338 1629 1390 roqabaut

751 1402 871 1442 illum
908 1415 969 1442 ‘ne
1009 1402 1277 1453 imperaret
1315 1402 1429 1443 illis
1474 1406 1528 1443 ut
1573 1403 1627 1443 in

752 1465 976 1517 abyssum
1004 1465 1170 1505 irent»
1203 1465 1405 1518 discrepat
1434 1479 1522 1506 cum
1550 1467 1625 1507 Mc.

751 1543 788 1569 v.
799 1530 846 1569 10
870 1545 920 1569 <<..
933 1560 941 1569 .
952 1560 961 1569 .
976 1532 1015 1569 et
1028 1529 1319 1580 deprecabatur
1333 1543 1423 1570 eum
1437 1531 1624 1581 multum,

750 1606 808 1632 rie
858 1605 905 1632 se
951 1593 1224 1643 expelleret
1273 1596 1420 1633 extra
1468 1594 1626 1645 reqio-

721 1671 725 1675 ·
749 1668 851 1696 ‘nem
864 1672 896 1705 »,
918 1657 1060 1706 quibus
1080 1668 1169 1695 cum
1190 1657 1441 1696 consentiunt
1463 1658 1625 1697 Iuvenci

750 1720 873 1759 verba
889 1719 1027 1771 56s57:
1052 1719 1265 1769 «OramuS,
1280 1732 1340 1760 ‘ne
1352 1733 1438 1760 ‘nos
1451 1721 1628 1761 solitae

752 1783 973 1835 reqio‘nis·
996 1782 1053 1822 ab
1085 1783 1183 1823 oris
1210 1783 1454 1824 Excutias
1485 1815 1493 1823 .
1520 1815 1529 1824 .
1557 1816 1566 1822 .
1592 1802 1624 1824 .»

751 1847 859 1887 Nihil
893 1850 1025 1886 autem
1062 1846 1111 1886 de
1146 1859 1193 1886 eo
1228 1847 1373 1898 legitur
1401 1848 1510 1900 apud
1537 1849 1626 1900 Mc„

752 1910 858 1960 quod
884 1911 1015 1950 Lucas
1043 1912 1084 1949 in
1117 1923 1152 1949 v.
1182 1910 1232 1950 27
1263 1910 1358 1951 dicit
1390 1927 1422 1950 «.
1449 1942 1457 1950 .
1485 1942 1494 1951 .
1522 1944 1529 1950 .
1558 1912 1629 1963 qui

753 1974 924 2014 habebat
942 1974 1197 2014 daemonium
1215 1974 1312 2015 iam
1335 1976 1629 2026 temporibus

751 2038 925 2078 multis
958 2041 1003 2077 et
1034 2038 1382 2078 vestimentum
1413 2052 1509 2079 non
1551 2040 1627 2079 in-

752 2101 998 2142 duebatur
1024 2133 1033 2142 .
1055 2134 1064 2141 .
1087 2133 1095 2141 .
1117 2118 1149 2141 .>›
1212 2102 1348 2154 Magni
1376 2107 1507 2143 autem
1544 2117 1624 2143 mo-

752 2167 874 2205 menti
893 2169 953 2205 est
972 2166 1093 2204 Marc.
1114 2179 1148 2204 v.
1172 2167 1194 2204 5
1217 2182 1247 2204 «.
1270 2197 1278 2205 .
1301 2196 1309 2205 .
1332 2195 1340 2205 .
1369 2166 1629 2207 concideris

751 2241 800 2268 se
829 2228 1107 2280 lapidibus»
1141 2247 1189 2262 =
1218 2230 1300 2269 Iuv.
1330 2243 1365 2269 v.
1394 2230 1443 2269 52
1475 2231 1628 2270 «ludus

752 2295 843 2333 erat
897 2292 1134 2342 saxisque
1189 2293 1325 2343 ferum
1374 2293 1628 2333 concidere

747 2358 925 2407 pectus»,
955 2354 1005 2394 de
1034 2356 1175 2405 quibus
1203 2355 1301 2395 nihil
1329 2356 1473 2406 legitur
1498 2369 1626 2407 neque

754 2419 861 2472 apud
894 2420 1043 2459 Lucam
1074 2431 1203 2470 neque
1232 2419 1340 2472 apud
1368 2420 1625 2462 Matthaeum.

754 2483 869 2531 Quod
897 2485 1090 2533 Iuvencus
1118 2482 1193 2523 hoc
1223 2484 1309 2524 loco
1338 2484 1463 2524 Marci
1491 2498 1626 2525 narra-

754 2549 902 2587 tionem
921 2547 1129 2598 praeponit
1144 2547 1361 2600 Matthaeo‚
1381 2548 1627 2588 Marcianam

756 2611 921 2651 carmini
948 2616 951 2619 *
973 2611 1084 2662 epico
1130 2612 1258 2661 magis
1304 2617 1393 2652 esse
1441 2612 1627 2653 idoneam
