1800 2904
881 152 907 190 4

226 257 324 305 Quis
366 262 427 299 est
469 259 535 309 qui
576 262 698 310 neget
734 258 970 299 vocabulum
1016 258 1268 309 «proprio»
1314 259 1481 306 omnino
1506 257 1612 298 idem

228 335 317 362 esse
347 335 395 361 ac
423 334 612 373 graecum
643 323 772 372 «ἰδίῳ
786 338 819 373 »,
849 322 955 373 quod
982 325 1024 361 ut
1053 334 1173 373 supra
1201 322 1284 361 dixi
1313 322 1472 362 codices
1499 321 1612 361 latini

227 387 461 437 pronomine
490 385 679 425 reflexivo
711 398 854 435 «suo»
887 386 1099 437 explicant.

329 459 524 499 Matthaei
565 459 690 499 verba
730 459 805 498 XV
841 459 888 498 17
934 458 1062 496 «οὔπω
1103 461 1223 496 νοεῖτε
1267 458 1322 496 ὅτι
1353 460 1434 496 ’πᾶν
1466 460 1507 496 τὸ
1544 459 1613 500 εἰς·

222 522 476 573 πορευόμενον
507 522 561 564 εἰς
589 522 630 560 τὸ
660 521 781 573 στόμα
810 522 864 564 εἰς
885 522 950 573 τὴν
969 522 1112 560 κοιλίαν
1131 523 1297 573 χωρεῖ.
1315 552 1321 559 .
1342 552 1349 559 .
1368 534 1400 559 .·»
1432 521 1612 562 codicum

225 582 681 637 antehieronymicorurn
711 589 895 625 auctores
922 587 1232 637 interpretantur
1263 598 1364 625 «non
1383 586 1613 636 intellegitis

225 651 413 700 quoniam
442 662 557 689 omne
587 648 692 700 quod
721 651 762 689 in
790 662 835 690 os
863 650 986 688 intrat
1012 650 1053 689 in
1080 652 1258 689 ventrem
1286 648 1432 689 vadit
1459 681 1467 689 .
1498 680 1505 687 .
1538 681 1545 687 .
1577 665 1609 689 .>›

225 717 394 765 excepto
439 714 576 754 codice
620 714 941 764 Cantabrigiensi
984 715 1050 763 qui
1090 713 1214 753 habet
1257 713 1461 764 «cadit»,
1507 712 1626 763 quod

225 776 412 816 mendum
456 789 545 817 esse
586 780 721 828 potest
759 788 832 828 pro
878 776 1083 816 «vadit».
1153 775 1235 815 Sed
1279 779 1507 827 «χωρεῖν»
1552 779 1613 815 est

223 853 353 891 neque
391 840 624 880 «vadere»
664 852 792 890 neque
831 840 1073 891 «cadere»,
1109 841 1142 879 si
1175 843 1283 879 recte
1317 840 1498 891 traditur,
1540 839 1613 879 sed

227 905 472 955 «cedere»,
502 903 609 954 quod
637 902 746 955 apud
774 904 989 944 Iuvencum
1018 904 1237 954 reperimus
1265 903 1324 942 III
1354 902 1516 954 164s65:

334 977 465 1017 «Nam
494 990 767 1028 quaecumque
797 1008 804 1016 .
838 1007 845 1015 .
876 1007 884 1015 .
915 1008 923 1016 .
952 977 1127 1017 veniunt
1153 977 1404 1017 eoetrinsecus
1431 977 1504 1027 ori,

357 1040 413 1079 Iri
441 1043 620 1080 ventrem
648 1040 830 1079 cedunt
858 1071 865 1079 .
897 1071 904 1077 .
937 1071 945 1079 .
977 1056 1023 1078 .».

223 1105 353 1144 Locus
382 1116 477 1155 ergo
506 1105 622 1145 testis
649 1104 807 1144 videtur
835 1116 936 1155 esse,
966 1105 1180 1143 Iuvencum
1207 1105 1432 1155 inspexisse
1460 1107 1612 1143 textum

222 1180 423 1218 graecum.

328 1242 576 1282 Vocabulum
623 1241 967 1292 «ὀλιγόπιστοι»
1004 1241 1118 1281 Mtth.
1147 1242 1242 1282 XVI
1269 1242 1294 1283 8
1335 1243 1375 1281 in
1409 1242 1612 1283 codicibus

221 1307 356 1346 latinis
395 1307 637 1345 convertitur
675 1305 911 1345 «modicae
942 1305 1115 1357 fidei»,
1152 1305 1223 1345 sed
1254 1307 1449 1345 Iuvencus
1484 1306 1612 1356 magis

222 1369 276 1409 ad
318 1369 483 1409 verbum
527 1370 714 1421 exprimit
747 1370 807 1408 III
841 1369 919 1408 244
963 1382 1108 1420 «quam
1137 1382 1295 1420 parva
1328 1369 1428 1409 fides
1458 1401 1467 1410 .
1497 1401 1504 1408 .
1575 1386 1608 1408 .»

221 1434 325 1475 Nam
357 1433 583 1482 «ὀλίγος»
616 1437 774 1473 estnon
794 1436 876 1472 tam
909 1433 1181 1473 «modicus»
1213 1445 1331 1483 quam
1358 1446 1609 1484 «parvus».

331 1497 577 1536 Gravissimo
621 1500 854 1548 argumento
896 1501 957 1536 est
997 1497 1107 1537 locus
1140 1497 1205 1536 hic
1237 1497 1349 1536 Mtth.
1385 1497 1526 1536 XXIII
1561 1498 1611 1537 37

224 1559 286 1598 «ὃν
307 1560 442 1611 τρόπον
465 1559 579 1611 ὅρνις
602 1561 813 1610 ἐπισυνάγει
835 1576 869 1599 κ.
891 1575 921 1600 τ.
943 1563 1017 1611 k»,
1046 1560 1150 1611 quod
1170 1561 1408 1608 vocabulum
1430 1576 1447 1597 «
1461 1560 1608 1612 ὄρνις»

222 1624 405 1664 omnibus
440 1624 481 1662 in
515 1623 719 1664 codicibus
753 1624 888 1664 latinis
923 1625 1089 1664 vertitur
1115 1636 1187 1676 per
1218 1624 1496 1676 ‹<9allirta»;
1539 1624 1611 1664 sed

220 1688 417 1728 Iuvencus
446 1688 501 1727 IV
529 1687 576 1727 81
610 1687 662 1727 ad
690 1688 854 1727 verbum
882 1690 1001 1727 vertit
1033 1688 1195 1728 «ales»
1227 1689 1359 1739 (ales
1386 1688 1449 1729 uti
1478 1689 1612 1729 dulces

221 1752 342 1791 solita
372 1754 431 1790 est
457 1751 532 1791 sub
560 1765 720 1801 corpore
741 1752 880 1802 pullos
907 1764 957 1780 ·—-
985 1752 1147 1802 fovere).

274 1826 421 1866 Nescio
450 1839 502 1865 an
531 1827 652 1865 etiam
682 1826 756 1865 hoc
785 1826 1010 1877 exemplum
1039 1825 1219 1877 proferre
1247 1826 1385 1866 liceat:

326 1899 446 1952 Apud
465 1900 578 1939 Mtth.
599 1900 699 1939 XIX
719 1899 770 1939 29
796 1900 941 1951 legitur
960 1900 1196 1940 vocabulum
1215 1900 1383 1952 simplex
1406 1915 1422 1935 «
1435 1900 1609 1951 λήμψε-

220 1978 339 2014 ται»,
368 1963 474 2014 quod
503 1964 685 2003 omnibus
712 1965 753 2002 in
782 1963 986 2003 codicibus
1013 1964 1149 2003 latinis
1176 1963 1371 2003 vocabulo
1391 1965 1609 2015 composito

223 2026 490 2077 «accipiet»
514 2026 705 2079 redditur,
725 2039 812 2066 cum
827 2028 1023 2067 Iuvencus
1043 2027 1211 2079 simplex
1230 2016 1437 2066 retinuerit
1450 2030 1609 2067 vertens

220 2092 280 2130 III
300 2091 395 2131 547:
429 2104 510 2131 «ca
514 2091 596 2141 pie
609 2094 672 2141 t»3
701 2103 798 2130 sane
826 2090 912 2130 fieri
939 2094 1071 2142 potest
1091 2095 1134 2130 ut
1153 2092 1348 2131 Iuvencus
1368 2092 1608 2132 necessitate

220 2156 388 2194 metrica
418 2159 579 2195 coactus
608 2156 659 2195 sit
687 2154 926 2194 vocabulum
955 2154 1124 2206 simplex
1152 2154 1356 2207 praeferre
1377 2156 1606 2207 composito.

272 2231 403 2269 Locus
456 2234 591 2269 autem
644 2231 662 2268 Ι
708 2229 785 2269 667
838 2241 915 2279 quo
967 2229 1112 2279 legitur
1157 2229 1393 2268 vocabulum
1439 2228 1607 2280 simplex

170 2295 470 2346 «rumpent»,
522 2292 628 2344 quod
679 2294 838 2332 omnino
889 2291 1104 2344 respondet
1154 2292 1242 2332 voci
1296 2295 1427 2332 textus
1472 2292 1607 2342 graeci

167 2357 338 2408 simplici
370 2357 620 2407 «ῥήξωσιν»
655 2356 783 2408 (Mtth.
805 2356 882 2395 VII
906 2355 962 2407 6),
991 2355 1097 2406 quod
1127 2356 1308 2395 omnibus
1336 2357 1376 2394 in
1404 2354 1607 2395 codicibus

165 2420 301 2459 latinis
336 2419 516 2459 redditur
543 2420 749 2459 vocabulis
778 2418 1016 2471 compositis
1034 2419 1099 2458 vel
1130 2409 1607 2468 «corrumpant»vel

169 2482 559 2534 «disrumpant»,
589 2484 814 2534 argumenti
841 2484 1012 2534 pretium
1040 2483 1189 2522 habere
1218 2482 1313 2521 mihi
1341 2495 1419 2521 non
1437 2482 1606 2535 videtur,

165 2559 255 2586 cum
275 2547 469 2586 Iuvencus
491 2547 572 2587 ›hoc
601 2546 687 2587 loco
716 2547 849 2587 verbis
868 2546 1108 2598 Vergilianis
1128 2558 1223 2586 usus
1242 2547 1294 2586 sit
1311 2546 1411 2586 Aen.
1431 2546 1490 2586 IX
1509 2547 1604 2588 580:

168 2625 202 2650 ‹.
232 2639 241 2648 .
274 2640 280 2647 .
312 2639 321 2648 .
350 2611 460 2650 letali
489 2611 685 2651 volnere
711 2610 886 2661 rupit.»
