1800 2904
891 197 942 237 37

245 304 442 347 credetis?
463 304 596 358 (47)>›;
625 304 697 344 sed
716 305 956 344 Iuvencus
974 302 1118 341 retinet
1137 306 1317 341 tantum
1338 303 1630 341 sententiam

243 370 512 422 positivam
540 369 579 408 11
607 366 777 420 690s91:

276 432 407 473 «Eius
434 432 542 473 enim
569 431 732 483 scriptis
758 432 886 472 vester
912 429 950 470 si
976 429 1153 469 crederet
1178 442 1303 479 error,

305 495 492 537 Crederet
517 498 557 536 et
581 494 708 545 nobis,
738 493 871 546 Moysi
899 504 1022 544 quam
1048 491 1201 542 scripta
1226 492 1529 543 frequentant.»

296 561 356 600 Ut
396 561 636 600 Iuvencus
677 561 805 599 totos
845 568 1015 597 versus
1057 556 1260 606 omittit,
1301 557 1369 595 ita
1410 559 1630 607 amputat

189 622 437 662 interdum
473 634 664 673 versus,
708 633 811 661 cum
851 620 1095 672 praeterit
1138 621 1418 659 sententias
1459 632 1627 660 eorum

189 689 429 737 singulas.
502 686 587 725 Has
631 684 1009 737 praetermissiones
1056 682 1214 733 appello
1267 684 1628 729 detractiones.

191 762 354 801 quarum
390 761 575 788 numerus
611 753 672 789 est
700 759 888 799 magnust,
921 750 1057 786 tamen
1084 758 1162 785 non
1190 747 1291 786 tanti
1323 757 1412 786 esse
1440 750 1550 798 puto,
1586 750 1630 785 ut

189 826 325 854 omnes
354 812 583 863 significem.

348 875 463 922 Quod
503 876 701 914 Iuvencus
741 873 854 912 Mtth.
896 872 1033 912 XXVI
1076 873 1127 911 56
1169 874 1407 911 sententiam
1456 873 1628 923 priorem

244 938 355 978 «Hoc
383 940 518 978 autem
546 939 671 977 totum
697 937 855 988 factum
882 938 951 984 est,
981 938 1030 975 ut
1055 935 1379 985 adimplerentur
1401 934 1629 985 scripturae

234 1001 548 1052 prophetarum»
579 1012 657 1038 non
685 999 862 1049 respicit,
892 998 991 1037 facit
1018 1010 1066 1037 eo
1095 998 1260 1037 consilio
1289 1002 1332 1036 ut
1351 999 1627 1048 repetitionem

240 1064 381 1114 fugiat,
409 1076 497 1102 cum
527 1062 627 1102 haec
654 1062 779 1101 verba
812 1060 910 1100 nihil
946 1060 1055 1100 aliud
1084 1060 1220 1100 dicant
1247 1061 1324 1099 nisi
1353 1060 1461 1111 quod
1488 1073 1627 1101 versus

245 1126 488 1167 antecedens
506 1126 642 1165 XXVI
661 1125 730 1172 54:
753 1124 976 1174 «Quomodo
995 1137 1086 1175 erqo
1104 1123 1383 1174 implebuntur
1401 1124 1629 1174 scripturae

235 1189 539 1241 prophetarum,
569 1188 669 1240 quia
688 1188 745 1228 sic
764 1190 915 1239 oportet
930 1186 1090 1240 sieri?>›,
1120 1200 1235 1238 quem
1256 1200 1412 1228 versum
1431 1188 1628 1228 Iuvencus

241 1252 373 1292 reddit
408 1253 464 1292 IV
498 1252 593 1292 530:
630 1251 733 1292 «Sed
766 1251 972 1301 scriptura
1006 1248 1103 1291 meis
1138 1252 1370 1301 complenda
1404 1254 1463 1291 est
1493 1251 1628 1292 debita

236 1315 399 1355 rebus».

290 1378 402 1417 Illis
431 1380 858 1426 detractionibus,
887 1389 1007 1428 quae
1027 1376 1083 1416 ad
1105 1380 1328 1428 singulas
1346 1380 1626 1418 sententias

186 1445 433 1493 spectant⁷
462 1445 793 1493 opponuntur,
822 1452 944 1491 quae
978 1439 1037 1480 ad
1066 1453 1163 1481 rem
1192 1443 1350 1491 ipsam
1381 1445 1625 1492 spectant,

186 1516 241 1543 ex
272 1504 446 1555 quibus
483 1506 607 1556 ipsis
643 1505 822 1556 optime
854 1503 1164 1554 intellegitur
1199 1505 1400 1544 Iuvenci
1435 1518 1625 1544 carmen

185 1567 308 1606 nihil
338 1567 470 1607 aliud
500 1580 606 1607 esse
634 1569 728 1607 nisi
762 1566 1238 1607 circumlocutionem
1273 1569 1511 1619 poeticam
1549 1568 1625 1607 vel

185 1635 234 1671 ut
261 1643 439 1682 graece
469 1631 622 1672 dicam
652 1633 954 1683 παράφρασιν.

343 1695 587 1746 Saepissime
633 1696 829 1734 Iuvencus
876 1696 934 1734 eis
986 1694 1084 1734 locis
1136 1695 1280 1744 quibus
1329 1695 1624 1735 «membrorum

233 1757 536 1809 parallelismi»
567 1757 694 1808 figura
723 1761 856 1798 exstat
882 1757 1005 1798 nihil
1035 1757 1167 1797 aliud
1203 1757 1335 1798 reddit
1369 1760 1464 1798 nisi
1498 1760 1623 1810 quod

239 1822 577 1871 evangelistae
602 1834 773 1861 versus
801 1823 1063 1861 continent.
1112 1821 1260 1860 Reddit
1286 1822 1407 1871 igitur
1435 1835 1513 1862 non
1542 1827 1623 1862 tam

237 1884 361 1924 verba
387 1885 478 1936 ipsa
505 1897 623 1935 quam
651 1885 860 1925 verborum
888 1886 1140 1925 sententiam.
1187 1885 1385 1937 Exempla
1402 1886 1621 1937 proferam:

343 1948 539 1987 Iuvencus
565 1951 608 1987 ut
639 1947 938 1987 «membrorum
959 1948 1318 1998 parallelismum»
1359 1948 1488 1999 fugiat
1516 1962 1619 1989 com-

238 2009 446 2060 prehendit
485 2010 678 2050 Matthaei
719 2011 843 2050 verba
875 2011 951 2050 VII
990 2012 1049 2062 17,
1095 2011 1156 2062 18,
1194 2012 1307 2059 201):
1353 2011 1451 2052 «Sic
1493 2013 1623 2053 omnis

240 2071 360 2112 arbor
390 2072 494 2113 bona
520 2074 683 2125 fructus
712 2073 832 2114 bonos
864 2073 985 2126 facit:
1013 2075 1126 2115 mala
1154 2077 1290 2115 autem
1315 2074 1437 2116 arbor
1460 2076 1623 2127 friwtus

237 2135 363 2176 malos
396 2136 500 2187 facit
533 2137 635 2188 (17).
704 2137 800 2178 Non
833 2140 966 2189 potest
999 2137 1120 2178 arbor
1158 2137 1261 2178 bona
1300 2139 1463 2190 fructus
1496 2141 1623 2181 malos

237 2199 387 2251 facere:
428 2213 558 2252 neque
592 2201 713 2243 arbor
744 2203 858 2243 mala
889 2203 1051 2255 fructus
1086 2202 1205 2243 bonos
1238 2203 1373 2254 facere
1405 2204 1516 2254 (18).·
1554 2205 1623 2244 Ex

236 2263 440 2315 fructibus
481 2277 617 2305 eorum
657 2265 894 2318 cognoscetis
941 2278 1004 2306 eos
1051 2266 1160 2313 (20).
1175 2282 1191 2301 »
1268 2266 1422 2306 duobus
1468 2272 1621 2307 tantum

237 2327 419 2367 versibus
445 2328 466 2366 I
493 2327 685 2379 699J700:

376 2406 394 2426 «
414 2389 541 2442 thue
569 2391 690 2432 arbor
710 2392 878 2443 proprio
904 2392 1077 2432 vestitur
1101 2393 1283 2443 qermine
1304 2393 1415 2443 pomi

405 2453 472 2494 Sic
499 2454 614 2494 dolus
639 2454 807 2496 illorum
832 2455 975 2507 fructu
1001 2457 1254 2495 monstrante
1275 2457 1493 2506 patescit».

292 2548 318 2587 ¹)
340 2557 374 2579 V·
401 2551 457 2583 19:
482 2549 627 2583 «Omnis
650 2550 763 2590 arbor,
794 2561 881 2592 quae
910 2561 980 2583 non
1002 2549 1091 2592 facit
1113 2550 1237 2582 bonum
1259 2551 1424 2592 fructum,
1448 2552 1621 2585 exciditur

187 2599 220 2631 et
241 2598 280 2631 in
302 2599 415 2642 iqnem
437 2602 607 2636 mittitur»
632 2603 761 2636 omittit
781 2604 953 2636 Iuvencus
975 2602 1042 2636 hoc
1065 2603 1155 2644 loco,
1184 2603 1275 2644 quod
1307 2604 1455 2638 eundem
1479 2616 1618 2639 versum

187 2660 292 2694 supra
313 2653 328 2685 I
351 2655 413 2689 336
437 2656 606 2689 tractavit
628 2656 817 2690 secundum
839 2656 937 2690 Mtth.
960 2656 1008 2689 111
1031 2659 1081 2692 10.
