1800 2904
879 191 930 230 39

289 313 306 333 «
323 296 439 337 Tunc
465 296 768 349 manifestatur,
798 294 1007 336 Bethleem
1035 295 1140 346 qaod
1166 294 1375 335 moenibus
1402 295 1523 335 illum

320 359 518 411 Proqiyni
544 362 720 409 maneat,
750 358 818 400 cui
844 371 1006 399 sacram
1033 357 1177 398 ducere
1199 357 1355 408 plebem

321 422 657 464 Istrahelitaram
684 425 829 464 sancta
854 422 1008 463 virtute
1034 434 1191 462 necesse
1219 424 1319 461 est».

294 499 355 537 Ita
389 510 452 538 res
487 510 530 538 se
563 498 686 538 habet
719 499 760 537 in
795 498 882 537 loco
918 497 1044 537 altero
1080 495 1221 535 Matth.
1251 496 1289 534 II
1322 495 1388 534 18:
1429 494 1543 534 «Vox
1579 494 1626 534 in

189 561 320 602 Rama
338 561 483 602 audita
501 564 570 611 est,
595 562 784 612 ploratus
802 562 842 601 et
858 561 1048 601 ululatus
1066 560 1242 600 multas:
1271 558 1430 599 Rachel
1451 558 1626 609 plorans

186 624 292 674 filios
318 637 409 664 suos
437 627 475 664 et
503 624 640 664 noluit
671 624 883 673 consolari,
920 623 1019 674 quia
1046 636 1131 663 non
1158 625 1286 663 sant»
1325 622 1415 674 (Ier.
1446 623 1510 673 31,
1544 622 1623 672 15),

187 700 301 738 quem
332 689 526 728 Iuvencus
553 683 763 728 redditIs
780 686 946 739 265s66:

341 778 517 800 .....
545 761 697 804 subolis
723 761 867 800 misero
888 773 966 810 pro
992 760 1140 807 funere
1166 763 1318 800 matres

362 824 592 864 Horrendis
616 822 799 875 yraviter
826 823 982 862 eaelum
1005 822 1176 872 pulsare
1204 821 1439 871 querellis».

290 909 586 960 Saepissime
605 909 842 948 Iuvencus
870 919 967 948 una
994 910 1179 945 tantum
1200 918 1324 946 voce
1344 904 1622 955 significat,

184 971 311 1020 quod
331 971 456 1022 apud
485 971 835 1021 evangelistam
863 971 1095 1021 pluribus
1124 971 1294 1009 verbis
1323 968 1398 1007 vel
1427 970 1622 1019 integro

186 1046 322 1074 versu
352 1035 651 1086 exprimitur.
698 1035 731 1073 E
753 1045 971 1086 permagno
990 1032 1146 1072 illorum
1168 1032 1440 1084 exemplorum
1460 1044 1622 1071 numero

185 1110 313 1148 pauca
341 1102 380 1137 et
408 1098 646 1148 gravissima
675 1098 860 1137 afferam:
894 1097 962 1136 Lc.
992 1096 1117 1136 verba
1145 1097 1163 1135 I
1197 1096 1242 1135 15
1282 1098 1354 1135 «et
1378 1095 1549 1135 vinam
1579 1098 1625 1134 et

182 1160 388 1200 siceram
406 1173 506 1200 non
527 1160 697 1212 bibet»,
726 1173 829 1211 quae
854 1160 907 1200 ad
927 1160 1144 1200 Iohannem
1164 1160 1389 1211 Baptistam
1409 1162 1621 1211 pertinent,

182 1224 456 1276 complectitur
475 1225 670 1267 Iuvencus
690 1225 709 1264 I
728 1224 775 1263 21
798 1224 949 1264 verbis:
982 1240 999 1259 «
1012 1223 1219 1264 Sobrius
1248 1226 1503 1263 aeternam
1522 1253 1532 1262 .
1554 1255 1561 1261 .
1584 1240 1617 1263 .»

181 1288 288 1327 Voce
333 1291 594 1327 «aeternum»
642 1289 874 1341 exprimitur
919 1291 1077 1339 tempus
1121 1286 1296 1326 futurum
1340 1287 1525 1326 «bibet».
1570 1310 1619 1315 —

180 1350 369 1390 Eiusdem
389 1351 661 1401 evangelistae
680 1351 804 1391 verba
823 1352 842 1390 I
861 1352 929 1391 60:
962 1350 1241 1390 «invenisti
1260 1350 1388 1390 enim
1404 1350 1619 1402 qratiam

182 1414 312 1463 apud
339 1414 502 1454 oleum»
535 1414 666 1453 reddit
685 1416 881 1453 Iuvencus
900 1414 920 1452 I
940 1414 990 1452 60
1010 1414 1144 1453 verbis
1172 1413 1407 1453 «caelesti
1433 1413 1616 1453 iussu»-

180 1500 232 1506 —
266 1478 459 1517 Matthaei
496 1479 734 1517 sententiam
761 1478 799 1516 X
832 1477 879 1516 19
917 1477 1100 1518 «nolite
1132 1477 1346 1517 solliciti
1382 1490 1483 1517 esse
1511 1491 1617 1528 quo-

180 1541 309 1580 modo
338 1544 426 1581 aut
451 1541 567 1592 qaid
597 1540 902 1592 loquamini»
934 1540 1066 1580 reddit
1095 1541 1290 1580 Iuvencus
1310 1541 1351 1580 II
1377 1541 1454 1580 464
1487 1554 1616 1581 «ver-

182 1603 346 1644 boram
374 1616 537 1645 cura».

283 1679 491 1718 Maxime
528 1679 735 1718 Iuvenco
772 1682 844 1719 est
879 1680 926 1717 in
961 1678 1158 1718 deliciis
1195 1678 1260 1729 id,
1301 1679 1422 1729 quod
1456 1680 1503 1718 in
1540 1693 1615 1719 co-

179 1741 367 1782 dicibus
407 1742 582 1782 latinis
623 1743 911 1794 exprimitur
947 1745 1197 1783 sententia
1240 1745 1481 1790 relativa,
1524 1756 1616 1784 una

178 1818 300 1847 voce
329 1805 550 1846 reddere:
585 1806 719 1846 Verba
749 1807 840 1844 «καὶ
870 1807 910 1843 οἱ
942 1806 1179 1856 μετάὐτοῦ
1215 1806 1328 1845 Mtth.
1358 1807 1438 1846 XII
1467 1808 1519 1846 3»
1552 1821 1614 1847 eo-

178 1868 332 1908 dicibus
360 1870 400 1907 in
419 1869 553 1909 latinis
572 1872 853 1909 convertuntur
871 1881 943 1921 per
974 1872 1044 1908 «et
1072 1869 1159 1920 qai
1186 1882 1291 1910 cum
1318 1870 1410 1910 illo
1438 1874 1612 1911 erant»

178 1931 282 1981 quod
311 1933 506 1971 Iuvencus
534 1933 572 1971 II
602 1933 677 1971 572
707 1932 880 1983 explicat
915 1934 1036 1973 verbo
1067 1933 1317 1973 substantivo
1348 1934 1613 1974 «comites».

176 2016 228 2023 —-
255 1995 407 2035 Eodem
436 1995 552 2035 modo
582 1996 768 2047 exprimit
795 1996 918 2035 verba
950 1996 1063 2047 «qai
1092 1996 1214 2037 bona
1243 2001 1449 2049 egerunt
1481 1999 1538 2049 (οἱ
1566 1999 1615 2036 τὰ

177 2058 328 2107 ἀγαθὰ
357 2060 647 2112 ποιήσαντες)
679 2063 718 2099 et
749 2059 861 2110 «qui
889 2060 1022 2101 mala
1050 2064 1262 2112 eyeru‘nt
1295 2061 1354 2113 (οἱ
1384 2062 1436 2100 τὰ
1465 2064 1614 2112 φαῦλα

176 2122 452 2175 πράξαντες)
494 2122 594 2175 (Ioh.
629 2124 664 2163 V
699 2122 791 2176 29)»
829 2124 869 2162 II
904 2123 1047 2175 660s61
1095 2137 1166 2175 per
1211 2124 1395 2164 «iusti»
1439 2126 1503 2164 vel
1543 2138 1614 2177 per

179 2184 395 2235 «pravi».
432 2210 480 2214 —
518 2187 651 2227 Verba
688 2186 905 2227 «homini
948 2187 1034 2238 qui
1067 2188 1341 2228 seminavit
1372 2188 1613 2240 (ἀνθρώπῳ

177 2248 435 2300 σπείραντι)
454 2265 471 2284 >>
528 2249 659 2300 (Mtth.
710 2251 813 2289 XIII
865 2251 932 2301 24)
987 2251 1119 2291 reddit
1164 2252 1204 2290 II
1258 2252 1333 2291 795
1385 2264 1464 2291 una
1516 2265 1613 2292 voce

178 2311 471 2362 «agricola».
514 2335 567 2341 -
609 2314 694 2353 Vox
741 2316 1002 2354 «terrena»
1049 2314 1150 2365 (Iuv.
1186 2315 1248 2353 III
1284 2315 1377 2365 302)
1421 2316 1612 2367 interpre-

175 2377 280 2413 tatur
319 2376 442 2415 verba
485 2376 581 2415 «sed
621 2389 674 2417 ea
715 2378 784 2427 (sc.
830 2376 970 2429 sapis),
1013 2390 1135 2428 qaae
1173 2377 1419 2418 hominum
1454 2378 1579 2431 (sunt)
1594 2395 1609 2414 »

175 2436 303 2489 (Mtth.
334 2439 429 2479 XVI
457 2438 558 2490 23).-

278 2513 338 2552 Ut
365 2517 508 2565 poeta
535 2514 788 2553 occasione
823 2513 938 2554 data
972 2515 1106 2554 locos
1143 2514 1379 2565 quosdam
1414 2516 1611 2556 silentio

172 2578 456 2629 praeteriit,
486 2579 557 2617 ita
585 2577 819 2617 nonnulla
847 2577 1054 2617 addidit.
1102 2578 1278 2618 Horum
1308 2582 1611 2620 additamen—

172 2640 329 2678 torum
365 2639 442 2679 duo
479 2645 569 2680 sunt
603 2652 768 2691 genera:
814 2641 845 2678 1.
884 2652 945 2689 ea,
986 2653 1089 2691 quae
1125 2653 1244 2681 vera
1287 2646 1378 2682 sunt
1419 2645 1610 2683 addita-
