1800 2904
880 157 904 195 3

175 263 371 315 Exempla
411 275 436 302 a
478 275 540 302 me
582 265 741 316 reperta
774 264 919 315 partim
952 262 1009 301 illi
1043 261 1211 302 Gcbseri
1247 260 1429 312 exemplo
1465 259 1611 299 similia

176 331 279 379 sunt,
307 328 521 367 Iuvencum
550 329 654 367 enim
680 327 877 368 interdum
897 326 1133 367 vocabulum
1152 338 1341 377 graecum
1361 323 1611 375 recepisse

176 391 479 444 demonstratur,
522 404 609 431 cum
651 390 811 432 codices
849 392 965 445 latini
1001 402 1140 430 vocem
1172 390 1339 429 latinam
1374 387 1610 440 praebeant,

174 455 319 505 partim
355 458 446 494 sunt
479 455 588 507 talia,
624 455 766 506 quibus
801 458 961 506 poetam
994 465 1290 503 nonnumquam
1326 451 1611 492 accuratius

175 519 470 559 convertisse
505 514 701 571 appareat
733 530 851 569 quam
885 530 954 558 eos
987 518 1054 568 qui
1087 520 1239 557 textum
1268 527 1457 567 graecum
1485 514 1610 554 latine

175 582 424 634 interpretati
452 586 554 622 sunt.

330 645 503 685 Dubium
531 658 610 686 non
639 648 699 686 est
727 646 822 696 quin
846 644 1082 685 vocabulum
1105 642 1286 695 «noti»,
1315 641 1422 693 quod
1439 642 1610 692 legimus

228 707 335 760 apud
361 709 575 748 Iuvencum
610 709 649 748 II
677 708 772 748 707:
817 708 892 747 «Et
924 708 1063 758 regina
1093 706 1199 747 noti
1229 737 1237 745 .
1267 737 1275 746 .
1303 735 1312 744 .
1338 721 1371 744 .»
1407 708 1609 757 sumptum

228 773 279 812 sit
312 772 412 812 sicut
448 784 669 824 «spongus»
708 784 828 824 supra
859 774 1117 812 memoratum
1146 782 1168 810 e
1197 773 1308 810 textu
1335 781 1481 820 graeco
1510 769 1610 821 ipso,

227 836 267 874 in
295 847 371 885 quo
398 836 543 886 legitur
569 835 681 875 Mtth.
707 835 787 874 XII
814 835 865 875 42
897 834 1121 887 «βασίλισσα
1150 833 1326 885 νότου»,
1356 845 1444 872 cum
1473 844 1610 872 omnes

228 897 386 937 codices
413 898 526 937 latini
554 897 729 937 habeant
760 899 928 948 «regina
956 896 1164 937 austri».

332 960 469 1000 Simile
489 960 713 1013 exemplum
731 960 899 1012 praebet
917 960 1000 1000 Iuv.
1017 960 1072 999 IV
1086 959 1163 999 732
1181 977 1229 992 =
1245 958 1358 998 Mtth.
1375 958 1531 998 XXVII
1546 959 1609 1010 63,

228 1035 304 1074 quo
331 1025 372 1063 in
399 1024 485 1064 loco
504 1036 642 1064 vocem
664 1036 850 1075 graecam
882 1024 1109 1066 «πλάνος»
1141 1023 1306 1075 obtinet,
1335 1034 1453 1073 quam
1474 1034 1612 1062 omnes

228 1086 386 1127 codices
415 1088 528 1126 latini
555 1091 758 1127 verterunt
788 1087 1081 1127 «seductor».

280 1149 511 1190 Graviorem
553 1154 686 1191 autem
727 1151 949 1202 argumenti
991 1151 1071 1189 vim
1112 1149 1263 1189 habent
1304 1161 1353 1189 ea
1390 1149 1610 1201 exempla

175 1224 277 1263 quae
306 1214 351 1252 in
386 1215 695 1254 accuratiore
723 1214 1132 1265 interpretatione
1160 1214 1320 1264 posita
1347 1216 1451 1253 sunt.

279 1275 394 1324 Quod
426 1276 533 1328 apud
567 1278 636 1318 Le.
655 1278 683 1317 -I
711 1276 762 1316 42
796 1277 965 1327 legimus
1004 1277 1089 1315 «καὶ
1128 1275 1386 1327 εὐλογημένος
1419 1277 1438 1314 ὁ
1467 1276 1608 1327 καρπὸς

177 1342 240 1391 τῆς
275 1340 503 1392 κοιλίας»,
538 1340 643 1392 quod
677 1340 792 1380 latini
827 1343 1061 1381 convertunt
1098 1343 1160 1380 «et
1193 1339 1422 1380 benedictus
1447 1340 1609 1391 fructus

173 1414 260 1443 ven
271 1403 363 1443 tris
389 1405 484 1455 tui»,
517 1403 623 1455 quod
650 1405 844 1444 Iuvencus
873 1405 1058 1456 exprimit
1085 1405 1104 1443 I
1132 1403 1200 1444 87:
1242 1403 1421 1456 «felicem
1444 1406 1609 1455 qestans

174 1466 306 1506 uteri
333 1466 614 1507 sinuamine
631 1467 796 1519 fetum»,
825 1468 913 1518 quis
933 1470 995 1507 est
1013 1468 1078 1517 qui
1098 1471 1217 1517 neget
1236 1468 1451 1507 Invencum
1469 1479 1607 1506 vocem

173 1540 359 1578 graecam
391 1530 624 1571 «κοιλίας»
655 1541 784 1580 paene
812 1529 866 1569 ad
893 1530 1057 1569 verbum
1075 1530 1327 1569 transtulisse
1346 1541 1418 1580 per
1446 1529 1609 1569 «uteri

172 1591 459 1633 sinuamen»
503 1595 804 1633 conservantem
846 1593 925 1632 vim
962 1591 1157 1645 «cavati»,
1199 1604 1302 1643 quae
1338 1595 1400 1631 est
1435 1593 1475 1631 in
1509 1604 1607 1632 voce

172 1667 319 1705 graeca
350 1656 535 1694 «κοιλία».

328 1717 447 1772 Apud
480 1720 768 1770 evangelistam
801 1719 885 1760 Ioh.
918 1720 958 1759 II
989 1717 1036 1759 10
1070 1719 1239 1771 legimus
1278 1721 1370 1762 «πᾶς
1408 1718 1606 1770 ἅνθρωπος

224 1786 371 1834 πρῶτον
406 1783 466 1821 τὸν
500 1783 638 1822 καλὸν
673 1783 770 1822 οἶνον
805 1785 949 1835 τίθησιν
980 1792 988 1822 .’
1017 1814 1025 1823 .
1053 1815 1061 1824 .
1088 1800 1143 1835 .›‚
1185 1795 1288 1834 quae
1330 1784 1370 1822 in
1404 1781 1608 1823 codicibus

224 1846 359 1887 latinis
408 1850 613 1887 vertuntur
669 1848 820 1889 «omnis
869 1847 987 1888 homo
1039 1849 1209 1899 primum
1256 1845 1429 1887 bonum
1473 1847 1606 1886 vinum

224 1911 336 1961 ponit
366 1941 372 1948 .
396 1941 403 1949 .
426 1942 433 1949 .
455 1925 505 1962 .»;
534 1910 606 1951 sed
634 1911 741 1963 apud
769 1912 982 1951 Iuvencum
1014 1912 1052 1951 11
1085 1912 1159 1951 149
1186 1911 1375 1961 legimus:

428 1974 647 2025 «Increpat
674 2005 712 2014 ..
734 2005 742 2014 .
764 2005 794 2024 .,
825 1975 930 2026 quod
951 1974 1168 2026 pulchra
1195 1986 1408 2015 reservans

263 2085 265 2087 ¹
536 2070 543 2078 .
575 2069 583 2077 .
611 2038 713 2079 vina
740 2038 944 2079 dedisset.»

225 2101 397 2140 Dubium
406 2113 485 2141 non
501 2114 589 2142 esse
604 2102 699 2141 mihi
714 2102 883 2155 videtur,
898 2103 994 2153 quin
1002 2103 1196 2142 Iuvencus
1205 2114 1320 2153 perv.
1335 2117 1352 2137 ‹
1358 2114 1389 2152 p
1399 2114 1428 2141 u
1439 2100 1576 2142 lchra
1588 2117 1605 2137 »

225 2165 354 2215 magis
396 2164 449 2204 ad
481 2165 645 2205 verbum
677 2165 896 2207 transferat
933 2166 1100 2206 «καλόν
1111 2181 1143 2204 ›.
1213 2164 1411 2205 Pluralem
1445 2164 1610 2205 adhibet

224 2229 356 2268 causis
384 2229 559 2268 metricis
586 2234 760 2270 coactus.

328 2290 444 2343 Apud
459 2292 585 2332 Ioh..V
599 2293 650 2334 43
669 2293 814 2344 legitur
835 2293 923 2332 «ἐὰν
939 2292 1055 2336 ἄλλος
1072 2292 1169 2343 ἔλθῃ
1187 2296 1238 2331 τῶ
1255 2291 1407 2342 ὀνόματι
1421 2295 1475 2343 τῷ
1492 2292 1607 2344 ἰδίῳ,

227 2355 370 2393 ἐκεῖνον
412 2355 651 2407 λήμψεσθε»,
692 2369 795 2407 quae
836 2357 961 2397 verba
1000 2360 1281 2397 convertuntur
1322 2357 1363 2394 in
1404 2354 1608 2395 codicibus

224 2417 360 2459 latinis
396 2417 455 2458 «si
488 2417 599 2459 alius
630 2420 789 2461 venerit
813 2419 862 2461 in
888 2419 1051 2461 nomine
1077 2432 1181 2470 suo,
1216 2419 1337 2460 illum
1364 2418 1606 2470 accipietis».

226 2480 307 2521 Sed
336 2483 530 2522 Iuvencus
559 2485 743 2534 exprimit
771 2484 874 2524 hanc
902 2485 1140 2524 sententiam
1169 2496 1286 2524 versu
1315 2484 1354 2522 II
1382 2483 1478 2523 684:

282 2559 313 2582 ‹.
344 2573 354 2583 .
385 2576 392 2583 .
423 2574 433 2584 .
461 2544 708 2585 veniet...
740 2578 749 2587 .
778 2546 894 2598 alter,

301 2607 473 2649 Nomine
499 2622 615 2660 quem
640 2611 795 2662 fultum
816 2609 1015 2661 proprio
1038 2622 1140 2661 qens
1166 2612 1300 2650 vestra
1326 2612 1553 2660 sequetur».

1315 2672 1357 2705 1*
