1800 2904
855 228 906 269 63

215 335 370 387 poetice
414 334 648 386 amplificat,
695 332 800 384 quod
846 332 942 372 dicit
987 331 1098 371 Mtth.
1147 330 1246 370 XIX
1295 330 1313 368 1
1364 327 1594 379 simpliciter

322 429 329 436 .
361 428 370 437 .
401 397 617 439 transtulit
647 410 687 437 se
723 408 749 436 a
777 395 970 436 Galilaea
1004 398 1042 435 et
1072 394 1185 435 venit
1210 394 1258 434 in
1284 392 1388 443 fines
1415 390 1596 431 Iudaeae

218 465 334 503 trans
361 462 606 504 Iordanem»
640 459 988 512 amplificationem
1016 463 1136 512 poeta
1158 458 1303 499 fecisse
1323 456 1420 496 mihi
1439 454 1596 495 videtur

216 531 374 567 secutus
403 527 553 567 similes
580 525 731 576 Vergili
761 523 1061 575 descriptiones.
1117 524 1306 563 Fortasse
1337 525 1430 561 ante
1460 520 1595 559 oculos

217 584 391 631 habebat
417 590 490 631 hos
517 589 667 640 Vergili
696 589 806 628 locos
833 588 873 626 II
901 586 1067 638 781s82:

292 664 373 704 «Et
399 666 551 704 terram
579 661 822 713 Hesperiam
848 660 994 710 venies,
1025 660 1096 700 ubi
1123 660 1283 711 Melius
1311 671 1413 699 arva

319 727 438 768 Inter
465 726 597 778 opima
623 725 758 766 virum
788 723 871 765 leni
897 723 994 773 fluit
1020 724 1209 776 aqmine
1239 722 1445 774 Thybris»

176 813 181 819 ·
217 806 256 842 et
283 802 381 841 VIII
409 802 458 841 63
488 813 567 851 sq.:

362 907 368 914 .
401 906 409 914 .
441 906 448 913 .
479 888 546 927 eqo
573 886 675 925 sum,
697 873 821 924 pleno
848 884 964 923 quem
991 871 1159 921 flumine
1187 870 1319 911 cernis

319 938 593 990 Strinyentem
620 936 735 987 ripas
763 939 802 976 et
820 935 1038 988 pinguia
1066 935 1178 975 culta
1204 936 1402 974 secantem

322 1001 543 1043 Caeruleus
574 999 828 1052 Thybris..
860 1031 868 1039 .
899 1015 932 1038 .>›

192 1103 195 1106 -
216 1081 255 1116 et
283 1077 358 1117 VII
386 1076 454 1117 30:
487 1092 519 1114 «.
542 1106 550 1115 .
574 1107 580 1113 .
604 1107 611 1114 .
634 1075 743 1116 hunc
769 1075 879 1115 inter
906 1074 1030 1124 fluvio
1051 1074 1271 1114 Tiberinus
1290 1085 1525 1114 amoeno».
1546 1098 1597 1103 —

215 1141 376 1179 Iuvenci
411 1151 550 1179 versus
586 1139 640 1179 IV
677 1138 754 1178 513
796 1139 950 1178 initium
990 1137 1144 1178 «Pars
1177 1136 1374 1177 strictis
1405 1135 1598 1189 qladiis

209 1216 332 1254 pars
361 1232 370 1242 .
401 1234 409 1242 .
441 1234 448 1241 .
481 1219 512 1241 .»
545 1206 606 1243 est
641 1202 790 1243 factum
820 1215 867 1242 ex
897 1204 1118 1242 imitatione
1146 1202 1377 1252 Vergiliana
1411 1201 1491 1240 XII
1520 1200 1597 1240 278

217 1265 372 1307 «Pars
396 1266 593 1318 Ιᾳῑαοῖἱοε
620 1265 883 1318 strinyunt
908 1265 1110 1315 manibus,
1134 1278 1256 1316 pars
1284 1295 1292 1304 .
1324 1295 1332 1303 .
1364 1295 1370 1302 .
1402 1280 1435 1303 .»

267 1341 562 1391 Ubicumque
588 1340 897 1391 evangelista
921 1344 1136 1391 tempora
1164 1339 1329 1389 refert,
1358 1340 1597 1378 Iuvencus

163 1403 403 1444 describit
455 1416 512 1444 ea
568 1405 669 1444 sive
721 1403 958 1444 adhibitis
1010 1403 1428 1443 enuntiationibus
1480 1402 1595 1441 Ver-

162 1468 362 1518 gilianis
390 1469 491 1508 sive
521 1467 741 1507 adhibita
768 1468 956 1518 Vergili
983 1469 1192 1507 ratione:

319 1543 386 1582 Le.
430 1543 553 1582 verba
594 1544 612 1581 I
655 1542 706 1581 24
756 1542 941 1582 «celabat
978 1555 1019 1582 se
1057 1541 1304 1582 mensibus
1344 1541 1591 1591 quinque»

214 1604 346 1644 reddit
378 1606 461 1645 Iuv.
498 1607 517 1645 I
552 1605 599 1645 51
648 1604 818 1646 «Donec
851 1605 1066 1657 quinque
1099 1617 1263 1645 cavam
1301 1604 1597 1655 complerent

218 1668 408 1709 lumina
440 1669 647 1709 lunam»,
704 1668 801 1716 Quis
829 1673 890 1708 est
918 1671 1011 1720 quin
1041 1670 1173 1709 statim
1207 1670 1429 1708 meminerit
1456 1681 1594 1708 versus

214 1731 432 1782 Vergiliani
454 1732 607 1771 111645
639 1747 656 1767 «
671 1731 841 1772 Tertia
858 1732 957 1773 iam
978 1732 1124 1773 lunae
1142 1745 1189 1772 se
1207 1744 1392 1772 cornua
1413 1731 1596 1772 lumine

214 1795 496 1845 complent».
519 1818 569 1823 —
589 1795 717 1835 Simili
733 1794 848 1835 modo
866 1796 1044 1835 circumit
1058 1797 1141 1835 Iuv.
1156 1796 1211 1835 IV
1224 1795 1301 1835 376
1324 1795 1596 1845 «Quattuor

215 1870 266 1897 en
287 1858 420 1898 luces
441 1858 727 1909 totidemque
746 1871 795 1898 ex
816 1858 958 1899 ordine
975 1862 1136 1900 noctes
1161 1860 1166 1912 Ι
1190 1859 1464 1900 Praetereunt
1483 1890 1490 1898 .
1508 1890 1516 1897 .
1535 1891 1543 1899 .
1559 1875 1592 1898 .>›

215 1933 351 1961 vocem
384 1921 767 1973 «quatriduum»
802 1921 903 1974 (Ioh.
932 1923 992 1962 XI
1021 1923 1088 1974 39)
1127 1924 1211 1963 sine
1245 1923 1365 1963 dubio
1401 1922 1596 1962 adhibens

215 1985 431 2036 Vergilium
452 1986 512 2025 III
531 1985 625 2027 203:
657 2001 675 2021 «
689 1985 802 2026 Tris
822 1986 920 2027 adeo
939 2016 948 2026 .
970 2019 979 2027 .
1001 2018 1008 2025 .
1032 2019 1040 2027 .
1060 1988 1181 2028 soles
1204 1988 1210 2039 Ι
1235 1987 1440 2028 Erramus
1452 1987 1597 2039 pelayo

216 2048 410 2089 totidem
450 2048 539 2089 sine
572 2049 703 2090 sidere
736 2052 942 2090 noctes».
1010 2052 1088 2091 Pro
1128 2050 1244 2091 «sine
1278 2051 1437 2091 sidere»
1474 2051 1597 2091 habet

213 2111 408 2153 Iuvencus
438 2125 515 2153 «ex
542 2112 726 2165 ordine»,
755 2113 861 2165 quod
889 2116 1125 2167 saepissime
1153 2116 1324 2155 occurrit
1351 2114 1459 2166 apud
1477 2115 1596 2165 Verg.

215 2175 252 2212 in
281 2174 422 2214 eodem
447 2189 586 2217 versus
609 2176 713 2228 pede
739 2190 815 2228 quo
842 2177 950 2229 apud
968 2178 1072 2230 Juv.‚
1100 2179 1223 2218 veluti
1241 2179 1276 2217 V
1295 2178 1385 2230 773,
1411 2178 1486 2217 VII
1510 2178 1597 2228 139,

215 2236 261 2277 G.
282 2238 337 2277 IV
358 2238 446 2291 507,
465 2253 552 2291 .qu0
571 2241 715 2292 legitur
734 2253 872 2281 versus
892 2243 1030 2282 exiens
1061 2256 1145 2282 «ex
1170 2242 1343 2282 ordine
1369 2254 1596 2293 menses»,

216 2313 332 2351 quem
349 2301 442 2341 Juv.·
460 2315 618 2354 quoque
641 2304 763 2344 habet
782 2306 801 2343 I
824 2305 908 2344 103.
957 2306 1099 2345 Verbis
1122 2318 1200 2345 «ex
1218 2305 1387 2345 ordine»
1411 2306 1598 2356 exprimit

215 2364 299 2404 Iuv.
319 2368 504 2415 quattuor
532 2366 618 2407 dies
642 2369 828 2419 excipeie
855 2368 976 2408 alium
1005 2368 1136 2409 alium.
1167 2392 1217 2396 —
1246 2367 1595 2420 1uv.111316s17:

384 2441 600 2480 .passus
635 2430 706 2471 bis
743 2433 886 2472 terna
920 2431 1078 2473 dierum
1102 2433 1107 2483 l
1132 2432 1341 2473 Lumina
1373 2444 1597 2472 converso

217 2459 560 2533 transcurrere
593 2496 753 2536 caelo»
790 2494 961 2535 reddunt
988 2496 1101 2536 Mtth.
1131 2497 1248 2536 XVII
1280 2497 1344 2535 l<
1333 2499 1468 2547 «post
1495 2496 1597 2536 dies

214 2569 322 2598 sex»
351 2562 391 2598 et
410 2558 528 2599 simili
546 2558 663 2600 modo
682 2560 765 2599 Iuv.
787 2559 821 2599 V
841 2561 964 2600 735«
947 2573 1079 2601 «cum
1105 2560 1239 2601 trino
1262 2561 1382 2601 solis
1402 2561 1596 2612 pariter

295 2650 303 2658 .
334 2650 343 2660 .
371 2634 605 2663 recursu»
637 2622 769 2661 reddit
795 2623 909 2662 Mtth.
941 2626 1073 2674 «post
1101 2627 1198 2663 tres
1226 2624 1355 2664 dies»
1387 2625 1503 2664 XVII
1531 2625 1595 2664 64.

215 2683 382 2724 Etiamsi
419 2685 567 2727 similes
602 2685 708 2726 locos
741 2698 870 2737 neque
908 2686 1014 2738 apud
1043 2687 1161 2738 Verg.
1191 2700 1320 2739 neque
1355 2687 1462 2740 apud
1496 2688 1596 2728 alios
