1800 2904
850 230 901 271 85

270 336 358 376 VII.
387 336 441 375 In
458 335 647 377 duobus
665 336 849 388 verbis,
869 348 989 388 quae
1009 348 1176 377 versus
1196 337 1372 376 exitum
1392 335 1598 394 faciunt,

219 400 384 440 adhibet
411 401 605 442 Iuvencus
624 401 928 441 alliterationem
951 401 1024 441 177
1046 409 1107 453 ><‚
1136 401 1336 451 Vergilius
1360 400 1401 438 in
1419 399 1598 439 Aeneide

218 464 295 504 740
315 472 376 508 ><.
431 466 540 505 Inter
568 469 756 506 centenos
774 464 926 516 Vergili
952 478 1092 505 versus
1118 466 1371 505 inveniuntur
1390 464 1467 515 7‚5,
1495 465 1598 504 inter

217 527 381 568 totidem
408 529 570 569 Iuvenoi
598 529 673 580 5,5.
730 530 925 569 Iuvencus
953 541 1047 579 ergo
1074 528 1150 569 hae
1177 530 1218 568 in
1251 541 1294 568 re
1330 540 1486 579 quoque
1515 541 1595 568 mo-

218 591 367 632 destior
395 597 455 632 est
483 592 669 644 Vergilio.

270 667 296 706 f.
330 667 391 706 Ex
424 667 618 718 omnibus,
654 666 704 706 de
738 665 881 717 quibus
913 667 954 705 in
989 669 1167 706 extrema
1200 669 1313 718 parte
1349 665 1398 705 de
1434 666 1596 706 Iuvenci

163 744 309 783 genere
324 730 483 771 dicendi
498 743 617 782 quam
631 732 831 783 potuimus
854 729 1154 781 diligentissime
1176 730 1477 782 disputavimus,
1497 731 1597 770 satis

163 798 331 846 apparet
358 795 572 833 Iuveneum
590 794 741 844 Vergili
769 793 982 834 dictionem
1006 794 1210 844 eleganter
1238 797 1278 833 et
1303 793 1483 832 modeste
1511 795 1596 832 imi-

162 861 287 897 tatum
303 869 404 898 esse.
432 856 582 905 Quodsi
596 858 768 898 Iuvenoo
784 869 1003 908 cognomen
1022 873 1039 892 «
1060 856 1145 897 Ver
1150 857 1200 909 qi
1211 857 1276 897 lio
1290 856 1593 897 christiano»

164 921 300 961 datum
320 925 381 961 est
392 922 434 972 1)‚
453 924 495 959 ut
514 926 659 972 poeta
676 921 752 961 hoo
771 921 918 961 honore
939 933 1018 960 non
1038 921 1181 972 dignus
1200 925 1273 970 est,
1298 925 1341 959 ut
1361 921 1596 960 dictionis

163 984 343 1025 artifex
371 983 479 1023 haud
507 984 692 1036 indignus
719 984 889 1036 videtur,
918 986 1154 1037 praesertim
1173 997 1261 1024 eum
1281 986 1441 1024 Iuvenci
1462 988 1595 1024 aetate

163 1051 270 1087 artes
298 1051 337 1086 et
364 1047 500 1087 'studia
527 1048 747 1088 litterarum
775 1049 960 1099 neglecta
988 1050 1176 1088 iacerent.

269 1216 292 1256 1)
309 1215 343 1247 in
361 1215 726 1257 «Ersch-Gruber‚
744 1216 888 1259 Allyem.
905 1217 1166 1259 Enzyklopc‘idie
1183 1217 1244 1250 der
1263 1217 1558 1260 Wissenschaften
1568 1232 1594 1257 ιι,

162 1268 273 1301 sectio
298 1268 409 1301 altera
431 1269 546 1310 H—N‚
567 1278 650 1310 pars
673 1269 792 1302 XXIX
814 1280 847 1311 p.
873 1272 936 1306 235
960 1280 1008 1312 sq.
