<?xml version="1.0" encoding="UTF-8"?>
<!DOCTYPE html PUBLIC "-//W3C//DTD XHTML 1.0 Transitional//EN"
    "http://www.w3.org/TR/xhtml1/DTD/xhtml1-transitional.dtd">
<html xmlns="http://www.w3.org/1999/xhtml" xml:lang="en" lang="en">
 <head>
  <title>
</title>
<meta http-equiv="Content-Type" content="text/html;charset=utf-8" />
  <meta name='ocr-system' content='tesseract 3.04.00' />
  <meta name='ocr-capabilities' content='ocr_page ocr_carea ocr_par ocr_line ocrx_word'/>
</head>
<body>
  <div class='ocr_page' id='page_1' title='image "4737235_0069.png"; bbox 0 0 1800 2904; ppageno 0'>
   <div class='ocr_carea' id='block_1_1' title="bbox 839 184 890 223">
    <p class='ocr_par' dir='ltr' id='par_1_1' title="bbox 839 184 890 223">
     <span class='ocr_line' id='line_1_1' title="bbox 839 184 890 223; baseline 0 0"><span class='ocrx_word' id='word_1_1' title='bbox 839 184 890 223; x_wconf 78' lang='lat'><strong>55</strong></span> 
     </span>
    </p>
   </div>
   <div class='ocr_carea' id='block_1_2' title="bbox 730 238 979 244">
    <p class='ocr_par' dir='ltr' id='par_1_2' title="bbox 730 238 979 244">
     <span class='ocr_line' id='line_1_2' title="bbox 730 238 979 244; baseline 0 0"><span class='ocrx_word' id='word_1_2' title='bbox 730 238 979 244; x_wconf 95' lang='lat' dir='ltr'><strong> </strong></span> 
     </span>
    </p>
   </div>
   <div class='ocr_carea' id='block_1_3' title="bbox 142 283 1588 2687">
    <p class='ocr_par' dir='ltr' id='par_1_3' title="bbox 145 283 1581 519">
     <span class='ocr_line' id='line_1_3' title="bbox 145 283 1579 341; baseline -0.005 -12"><span class='ocrx_word' id='word_1_3' title='bbox 145 289 371 341; x_wconf 79' lang='lat' dir='ltr'><strong>parataxim</strong></span> <span class='ocrx_word' id='word_1_4' title='bbox 406 288 596 329; x_wconf 89' lang='lat' dir='ltr'><strong>adhibent</strong></span> <span class='ocrx_word' id='word_1_5' title='bbox 629 300 747 340; x_wconf 80' lang='lat' dir='ltr'><strong>quam</strong></span> <span class='ocrx_word' id='word_1_6' title='bbox 780 287 1028 340; x_wconf 83' lang='lat' dir='ltr'><strong>hypotaxim.</strong></span> <span class='ocrx_word' id='word_1_7' title='bbox 1090 284 1254 327; x_wconf 89' lang='lat' dir='ltr'><strong>Iuvenci</strong></span> <span class='ocrx_word' id='word_1_8' title='bbox 1287 283 1358 323; x_wconf 83' lang='lat' dir='ltr'><strong>illa</strong></span> <span class='ocrx_word' id='word_1_9' title='bbox 1392 283 1579 323; x_wconf 86' lang='lat' dir='ltr'><strong>narrandi</strong></span> 
     </span>
     <span class='ocr_line' id='line_1_4' title="bbox 147 351 1580 405; baseline -0.005 -12"><span class='ocrx_word' id='word_1_10' title='bbox 147 353 248 393; x_wconf 85' lang='lat' dir='ltr'><strong>ratio</strong></span> <span class='ocrx_word' id='word_1_11' title='bbox 277 355 497 405; x_wconf 80' lang='lat' dir='ltr'><strong>opportune</strong></span> <span class='ocrx_word' id='word_1_12' title='bbox 526 352 699 405; x_wconf 87' lang='lat' dir='ltr'><strong>obvenit,</strong></span> <span class='ocrx_word' id='word_1_13' title='bbox 735 363 823 391; x_wconf 88' lang='lat' dir='ltr'><strong>cum</strong></span> <span class='ocrx_word' id='word_1_14' title='bbox 858 353 899 391; x_wconf 92' lang='lat' dir='ltr'><strong>in</strong></span> <span class='ocrx_word' id='word_1_15' title='bbox 934 351 1109 392; x_wconf 77' lang='lat' dir='ltr'><strong>carmine</strong></span> <span class='ocrx_word' id='word_1_16' title='bbox 1137 351 1252 402; x_wconf 91' lang='lat' dir='ltr'><strong>epico</strong></span> <span class='ocrx_word' id='word_1_17' title='bbox 1280 359 1438 399; x_wconf 92' lang='lat' dir='ltr'><strong>quoque</strong></span> <span class='ocrx_word' id='word_1_18' title='bbox 1466 359 1580 399; x_wconf 84' lang='lat' dir='ltr'><strong>para-</strong></span> 
     </span>
     <span class='ocr_line' id='line_1_5' title="bbox 146 411 1581 468; baseline -0.004 -13"><span class='ocrx_word' id='word_1_19' title='bbox 146 417 251 456; x_wconf 81' lang='lat' dir='ltr'><strong>taxis</strong></span> <span class='ocrx_word' id='word_1_20' title='bbox 292 419 554 468; x_wconf 80' lang='lat' dir='ltr'><strong>anteponatur</strong></span> <span class='ocrx_word' id='word_1_21' title='bbox 598 416 802 468; x_wconf 88' lang='lat' dir='ltr'><strong>hypotaxi.</strong></span> <span class='ocrx_word' id='word_1_22' title='bbox 870 415 1053 466; x_wconf 86' lang='lat' dir='ltr'>Exempli</span> <span class='ocrx_word' id='word_1_23' title='bbox 1095 426 1217 454; x_wconf 87' lang='lat' dir='ltr'><strong>causa</strong></span> <span class='ocrx_word' id='word_1_24' title='bbox 1259 412 1405 452; x_wconf 86' lang='lat' dir='ltr'><strong>afferro</strong></span> <span class='ocrx_word' id='word_1_25' title='bbox 1452 411 1581 450; x_wconf 87' lang='lat' dir='ltr'><strong>locum</strong></span> 
     </span>
     <span class='ocr_line' id='line_1_6' title="bbox 146 479 417 519; baseline 0.004 -1"><span class='ocrx_word' id='word_1_26' title='bbox 146 480 163 519; x_wconf 95' lang='lat' dir='ltr'>I</span> <span class='ocrx_word' id='word_1_27' title='bbox 194 479 417 519; x_wconf 72' lang='lat'>107-1122</span> 
     </span>
    </p>

    <p class='ocr_par' dir='ltr' id='par_1_4' title="bbox 253 540 1255 594">
     <span class='ocr_line' id='line_1_7' title="bbox 253 540 1255 594; baseline 0.001 -16"><span class='ocrx_word' id='word_1_28' title='bbox 253 558 284 581; x_wconf 88' lang='lat'><strong>‹&lt;.</strong></span> <span class='ocrx_word' id='word_1_29' title='bbox 316 573 324 582; x_wconf 96' lang='lat'>.</span> <span class='ocrx_word' id='word_1_30' title='bbox 355 573 364 582; x_wconf 90' lang='lat'>.</span> <span class='ocrx_word' id='word_1_31' title='bbox 395 574 403 582; x_wconf 92' lang='lat'>.</span> <span class='ocrx_word' id='word_1_32' title='bbox 434 542 501 582; x_wconf 88' lang='lat' dir='ltr'><strong>Ad</strong></span> <span class='ocrx_word' id='word_1_33' title='bbox 521 545 671 593; x_wconf 84' lang='lat' dir='ltr'><strong>partus</strong></span> <span class='ocrx_word' id='word_1_34' title='bbox 697 542 853 594; x_wconf 81' lang='lat' dir='ltr'><strong>famam</strong></span> <span class='ocrx_word' id='word_1_35' title='bbox 880 542 1042 582; x_wconf 88' lang='lat' dir='ltr'><strong>collecta</strong></span> <span class='ocrx_word' id='word_1_36' title='bbox 1069 540 1255 581; x_wconf 77' lang='lat' dir='ltr'><strong>cucurrit</strong></span> 
     </span>
    </p>

    <p class='ocr_par' dir='ltr' id='par_1_5' title="bbox 279 603 1469 656">
     <span class='ocr_line' id='line_1_8' title="bbox 279 603 1469 656; baseline -0.005 -10"><span class='ocrx_word' id='word_1_37' title='bbox 279 605 421 646; x_wconf 84' lang='lat' dir='ltr'><strong>Turba</strong></span> <span class='ocrx_word' id='word_1_38' title='bbox 443 605 779 656; x_wconf 79' lang='lat' dir='ltr'><strong>propinquorum,</strong></span> <span class='ocrx_word' id='word_1_39' title='bbox 811 607 895 644; x_wconf 88' lang='lat' dir='ltr'><strong>tum</strong></span> <span class='ocrx_word' id='word_1_40' title='bbox 920 604 1076 656; x_wconf 74' lang='lat' dir='ltr'><strong>qaudia</strong></span> <span class='ocrx_word' id='word_1_41' title='bbox 1103 603 1211 643; x_wconf 81' lang='lat' dir='ltr'><strong>mira</strong></span> <span class='ocrx_word' id='word_1_42' title='bbox 1236 603 1469 654; x_wconf 76' lang='lat' dir='ltr'><strong>frequentes</strong></span> 
     </span>
    </p>

    <p class='ocr_par' dir='ltr' id='par_1_6' title="bbox 280 664 1395 719">
     <span class='ocr_line' id='line_1_9' title="bbox 280 664 1395 719; baseline -0.004 -12"><span class='ocrx_word' id='word_1_43' title='bbox 280 668 570 709; x_wconf 80' lang='lat' dir='ltr'><strong>Concelebrant</strong></span> <span class='ocrx_word' id='word_1_44' title='bbox 595 680 818 719; x_wconf 79' lang='lat' dir='ltr'><strong>nomenque</strong></span> <span class='ocrx_word' id='word_1_45' title='bbox 845 667 989 707; x_wconf 83' lang='lat' dir='ltr'><strong>iubent</strong></span> <span class='ocrx_word' id='word_1_46' title='bbox 1012 665 1209 718; x_wconf 75' lang='lat' dir='ltr'><strong>yenitoris</strong></span> <span class='ocrx_word' id='word_1_47' title='bbox 1237 664 1395 705; x_wconf 82' lang='lat' dir='ltr'><strong>habere.</strong></span> 
     </span>
    </p>

    <p class='ocr_par' dir='ltr' id='par_1_7' title="bbox 277 728 1309 783">
     <span class='ocr_line' id='line_1_10' title="bbox 277 728 1309 783; baseline -0.002 -13"><span class='ocrx_word' id='word_1_48' title='bbox 277 731 439 771; x_wconf 86' lang='lat' dir='ltr'><strong>Abnuit</strong></span> <span class='ocrx_word' id='word_1_49' title='bbox 464 733 531 771; x_wconf 81' lang='lat' dir='ltr'><strong>hoc</strong></span> <span class='ocrx_word' id='word_1_50' title='bbox 556 731 756 783; x_wconf 75' lang='lat' dir='ltr'><strong>qenetrioe,</strong></span> <span class='ocrx_word' id='word_1_51' title='bbox 784 730 853 770; x_wconf 81' lang='lat' dir='ltr'><strong>sed</strong></span> <span class='ocrx_word' id='word_1_52' title='bbox 880 730 1088 771; x_wconf 84' lang='lat' dir='ltr'><strong>Iohannes</strong></span> <span class='ocrx_word' id='word_1_53' title='bbox 1114 728 1309 769; x_wconf 83' lang='lat' dir='ltr'><strong>vocitetur</strong></span> 
     </span>
    </p>

    <p class='ocr_par' dir='ltr' id='par_1_8' title="bbox 278 792 1359 847">
     <span class='ocr_line' id='line_1_11' title="bbox 278 792 1359 847; baseline -0.002 -13"><span class='ocrx_word' id='word_1_54' title='bbox 278 794 523 847; x_wconf 76' lang='lat' dir='ltr'><strong>Inyeminat.</strong></span> <span class='ocrx_word' id='word_1_55' title='bbox 578 794 749 835; x_wconf 89' lang='lat' dir='ltr'><strong>Placuit</strong></span> <span class='ocrx_word' id='word_1_56' title='bbox 774 793 880 835; x_wconf 85' lang='lat' dir='ltr'><strong>muti</strong></span> <span class='ocrx_word' id='word_1_57' title='bbox 909 796 1006 834; x_wconf 89' lang='lat' dir='ltr'><strong>tunc</strong></span> <span class='ocrx_word' id='word_1_58' title='bbox 1033 793 1147 833; x_wconf 78' lang='lat' dir='ltr'><strong>iussa</strong></span> <span class='ocrx_word' id='word_1_59' title='bbox 1169 792 1359 844; x_wconf 82' lang='lat' dir='ltr'><strong>parentis</strong></span> 
     </span>
    </p>

    <p class='ocr_par' dir='ltr' id='par_1_9' title="bbox 144 857 1582 1101">
     <span class='ocr_line' id='line_1_12' title="bbox 277 857 1317 910; baseline -0.001 -13"><span class='ocrx_word' id='word_1_60' title='bbox 277 857 505 910; x_wconf 67' lang='lat' dir='ltr'><strong>Consulem,</strong></span> <span class='ocrx_word' id='word_1_61' title='bbox 533 858 757 910; x_wconf 77' lang='lat' dir='ltr'><strong>scriptoque</strong></span> <span class='ocrx_word' id='word_1_62' title='bbox 785 860 934 909; x_wconf 73' lang='lat' dir='ltr'><strong>roqant</strong></span> <span class='ocrx_word' id='word_1_63' title='bbox 960 857 1110 897; x_wconf 77' lang='lat' dir='ltr'><strong><em>edicere</em></strong></span> <span class='ocrx_word' id='word_1_64' title='bbox 1136 869 1317 897; x_wconf 85' lang='lat' dir='ltr'><strong>nomen.»</strong></span> 
     </span>
     <span class='ocr_line' id='line_1_13' title="bbox 144 920 1581 974; baseline -0.001 -14"><span class='ocrx_word' id='word_1_65' title='bbox 144 921 345 962; x_wconf 84' lang='lat' dir='ltr'><strong>Interdum</strong></span> <span class='ocrx_word' id='word_1_66' title='bbox 393 926 524 962; x_wconf 90' lang='lat' dir='ltr'><strong>autem</strong></span> <span class='ocrx_word' id='word_1_67' title='bbox 571 924 683 974; x_wconf 85' lang='lat' dir='ltr'><strong>ponit</strong></span> <span class='ocrx_word' id='word_1_68' title='bbox 728 924 769 961; x_wconf 91' lang='lat' dir='ltr'><strong>in</strong></span> <span class='ocrx_word' id='word_1_69' title='bbox 816 922 1120 962; x_wconf 77' lang='lat' dir='ltr'><strong>constructionis</strong></span> <span class='ocrx_word' id='word_1_70' title='bbox 1170 922 1442 972; x_wconf 84' lang='lat' dir='ltr'><strong>paratacticae</strong></span> <span class='ocrx_word' id='word_1_71' title='bbox 1495 920 1581 959; x_wconf 88' lang='lat' dir='ltr'><strong>loco</strong></span> 
     </span>
     <span class='ocr_line' id='line_1_14' title="bbox 144 983 1582 1037; baseline -0.001 -14"><span class='ocrx_word' id='word_1_72' title='bbox 144 983 437 1035; x_wconf 85' lang='lat' dir='ltr'><strong>hypotacticam</strong></span> <span class='ocrx_word' id='word_1_73' title='bbox 466 987 681 1037; x_wconf 84' lang='lat' dir='ltr'><strong>praecipue</strong></span> <span class='ocrx_word' id='word_1_74' title='bbox 709 986 758 1025; x_wconf 91' lang='lat' dir='ltr'><strong>iis</strong></span> <span class='ocrx_word' id='word_1_75' title='bbox 785 986 882 1025; x_wconf 88' lang='lat' dir='ltr'><strong>locis</strong></span> <span class='ocrx_word' id='word_1_76' title='bbox 902 985 1046 1036; x_wconf 87' lang='lat' dir='ltr'><strong>quibus</strong></span> <span class='ocrx_word' id='word_1_77' title='bbox 1064 985 1304 1025; x_wconf 81' lang='lat' dir='ltr'><strong>constructio</strong></span> <span class='ocrx_word' id='word_1_78' title='bbox 1324 984 1582 1036; x_wconf 85' lang='lat' dir='ltr'><strong>hypotactica</strong></span> 
     </span>
     <span class='ocr_line' id='line_1_15' title="bbox 144 1046 1387 1101; baseline 0.002 -15"><span class='ocrx_word' id='word_1_79' title='bbox 144 1046 435 1097; x_wconf 87' lang='lat' dir='ltr'><strong>quodammodo</strong></span> <span class='ocrx_word' id='word_1_80' title='bbox 464 1048 583 1089; x_wconf 82' lang='lat' dir='ltr'><strong>facile</strong></span> <span class='ocrx_word' id='word_1_81' title='bbox 611 1050 701 1101; x_wconf 87' lang='lat' dir='ltr'><strong>ipsa</strong></span> <span class='ocrx_word' id='word_1_82' title='bbox 729 1051 911 1100; x_wconf 85' lang='lat' dir='ltr'><strong>occurrit,</strong></span> <span class='ocrx_word' id='word_1_83' title='bbox 940 1049 1062 1089; x_wconf 90' lang='lat' dir='ltr'><strong>veluti</strong></span> <span class='ocrx_word' id='word_1_84' title='bbox 1091 1050 1130 1088; x_wconf 92' lang='lat' dir='ltr'><strong>II</strong></span> <span class='ocrx_word' id='word_1_85' title='bbox 1163 1047 1387 1088; x_wconf 76' lang='lat'>127-1292</span> 
     </span>
    </p>

    <p class='ocr_par' dir='ltr' id='par_1_10' title="bbox 293 1111 1355 1164">
     <span class='ocr_line' id='line_1_16' title="bbox 293 1111 1355 1164; baseline 0.001 -13"><span class='ocrx_word' id='word_1_86' title='bbox 293 1136 302 1151; x_wconf 63' lang='lat'>0</span> <span class='ocrx_word' id='word_1_87' title='bbox 361 1111 560 1153; x_wconf 82' lang='lat' dir='ltr'><strong>«Interea</strong></span> <span class='ocrx_word' id='word_1_88' title='bbox 592 1112 787 1153; x_wconf 77' lang='lat' dir='ltr'><strong>thalamis</strong></span> <span class='ocrx_word' id='word_1_89' title='bbox 814 1112 988 1153; x_wconf 87' lang='lat' dir='ltr'><strong>conubia</strong></span> <span class='ocrx_word' id='word_1_90' title='bbox 1014 1113 1121 1164; x_wconf 81' lang='lat' dir='ltr'><strong>festa</strong></span> <span class='ocrx_word' id='word_1_91' title='bbox 1142 1111 1355 1163; x_wconf 83' lang='lat' dir='ltr'><strong>parabant</strong></span> 
     </span>
    </p>

    <p class='ocr_par' dir='ltr' id='par_1_11' title="bbox 389 1175 1173 1228">
     <span class='ocr_line' id='line_1_17' title="bbox 389 1175 1173 1228; baseline -0.004 -13"><span class='ocrx_word' id='word_1_92' title='bbox 389 1175 446 1216; x_wconf 90' lang='lat' dir='ltr'><strong>In</strong></span> <span class='ocrx_word' id='word_1_93' title='bbox 472 1176 633 1228; x_wconf 73' lang='lat' dir='ltr'><strong>reqione</strong></span> <span class='ocrx_word' id='word_1_94' title='bbox 662 1175 840 1217; x_wconf 83' lang='lat' dir='ltr'><strong>Chanan</strong></span> <span class='ocrx_word' id='word_1_95' title='bbox 867 1207 878 1225; x_wconf 89' lang='lat'><em>,</em></span> <span class='ocrx_word' id='word_1_96' title='bbox 909 1176 993 1216; x_wconf 84' lang='lat' dir='ltr'><strong>ubi</strong></span> <span class='ocrx_word' id='word_1_97' title='bbox 1022 1207 1030 1215; x_wconf 92' lang='lat'>.</span> <span class='ocrx_word' id='word_1_98' title='bbox 1063 1208 1069 1214; x_wconf 95' lang='lat'>.</span> <span class='ocrx_word' id='word_1_99' title='bbox 1101 1207 1110 1216; x_wconf 89' lang='lat'><strong>.</strong></span> <span class='ocrx_word' id='word_1_100' title='bbox 1141 1192 1173 1215; x_wconf 88' lang='lat'><strong>.»</strong></span> 
     </span>
    </p>

    <p class='ocr_par' dir='ltr' id='par_1_12' title="bbox 143 1239 1577 1344">
     <span class='ocr_line' id='line_1_18' title="bbox 144 1239 1577 1291; baseline 0.001 -14"><span class='ocrx_word' id='word_1_101' title='bbox 144 1250 230 1277; x_wconf 90' lang='lat' dir='ltr'><strong>cum</strong></span> <span class='ocrx_word' id='word_1_102' title='bbox 260 1239 508 1290; x_wconf 85' lang='lat' dir='ltr'><strong>evangelista</strong></span> <span class='ocrx_word' id='word_1_103' title='bbox 536 1240 643 1280; x_wconf 87' lang='lat' dir='ltr'><strong>dicat</strong></span> <span class='ocrx_word' id='word_1_104' title='bbox 671 1240 816 1281; x_wconf 85' lang='lat' dir='ltr'><strong>Ioh.11</strong></span> <span class='ocrx_word' id='word_1_105' title='bbox 847 1241 886 1280; x_wconf 88' lang='lat' dir='ltr'><strong>l:</strong></span> <span class='ocrx_word' id='word_1_106' title='bbox 915 1239 974 1279; x_wconf 87' lang='lat' dir='ltr'><strong>Et</strong></span> <span class='ocrx_word' id='word_1_107' title='bbox 999 1239 1170 1291; x_wconf 90' lang='lat' dir='ltr'><strong>nuptiae</strong></span> <span class='ocrx_word' id='word_1_108' title='bbox 1196 1240 1331 1291; x_wconf 77' lang='lat' dir='ltr'><strong>factae</strong></span> <span class='ocrx_word' id='word_1_109' title='bbox 1358 1241 1459 1280; x_wconf 82' lang='lat' dir='ltr'><strong>sunt</strong></span> <span class='ocrx_word' id='word_1_110' title='bbox 1478 1270 1485 1278; x_wconf 91' lang='lat'>.</span> <span class='ocrx_word' id='word_1_111' title='bbox 1507 1269 1515 1278; x_wconf 91' lang='lat'><em>.</em></span> <span class='ocrx_word' id='word_1_112' title='bbox 1538 1269 1546 1278; x_wconf 94' lang='lat'>.</span> <span class='ocrx_word' id='word_1_113' title='bbox 1567 1269 1577 1288; x_wconf 86' lang='lat'><em>‚</em></span> 
     </span>
     <span class='ocr_line' id='line_1_19' title="bbox 143 1303 722 1344; baseline 0.005 -3"><span class='ocrx_word' id='word_1_114' title='bbox 143 1304 187 1341; x_wconf 91' lang='lat' dir='ltr'><strong>et</strong></span> <span class='ocrx_word' id='word_1_115' title='bbox 213 1304 304 1342; x_wconf 87' lang='lat' dir='ltr'><strong>erat</strong></span> <span class='ocrx_word' id='word_1_116' title='bbox 328 1305 457 1343; x_wconf 82' lang='lat' dir='ltr'><strong>mater</strong></span> <span class='ocrx_word' id='word_1_117' title='bbox 485 1303 582 1344; x_wconf 83' lang='lat' dir='ltr'><strong>Iesu</strong></span> <span class='ocrx_word' id='word_1_118' title='bbox 608 1303 722 1344; x_wconf 87' lang='lat' dir='ltr'><strong>ibi».</strong></span> 
     </span>
    </p>

    <p class='ocr_par' dir='ltr' id='par_1_13' title="bbox 142 1365 1579 1672">
     <span class='ocr_line' id='line_1_20' title="bbox 249 1365 1578 1418; baseline 0 -13"><span class='ocrx_word' id='word_1_119' title='bbox 249 1365 549 1418; x_wconf 84' lang='lat' dir='ltr'><strong>Saepissime</strong></span> <span class='ocrx_word' id='word_1_120' title='bbox 599 1368 910 1407; x_wconf 90' lang='lat' dir='ltr'><strong>inveniuntur</strong></span> <span class='ocrx_word' id='word_1_121' title='bbox 957 1369 1002 1407; x_wconf 94' lang='lat' dir='ltr'><strong>in</strong></span> <span class='ocrx_word' id='word_1_122' title='bbox 1048 1367 1228 1407; x_wconf 83' lang='lat' dir='ltr'><strong>Christi</strong></span> <span class='ocrx_word' id='word_1_123' title='bbox 1276 1366 1578 1407; x_wconf 86' lang='lat' dir='ltr'><strong>orationibus</strong></span> 
     </span>
     <span class='ocr_line' id='line_1_21' title="bbox 143 1430 1579 1482; baseline 0.001 -15"><span class='ocrx_word' id='word_1_124' title='bbox 143 1430 400 1469; x_wconf 87' lang='lat' dir='ltr'><strong>enuntiata</strong></span> <span class='ocrx_word' id='word_1_125' title='bbox 427 1431 795 1482; x_wconf 86' lang='lat' dir='ltr'><strong>interrogativa.</strong></span> <span class='ocrx_word' id='word_1_126' title='bbox 853 1430 985 1478; x_wconf 83' lang='lat' dir='ltr'><strong>Quae</strong></span> <span class='ocrx_word' id='word_1_127' title='bbox 1019 1443 1122 1471; x_wconf 90' lang='lat' dir='ltr'><strong>cum</strong></span> <span class='ocrx_word' id='word_1_128' title='bbox 1155 1431 1579 1482; x_wconf 84' lang='lat' dir='ltr'><strong>interrogationes</strong></span> 
     </span>
     <span class='ocr_line' id='line_1_22' title="bbox 143 1494 1577 1546; baseline 0.001 -14"><span class='ocrx_word' id='word_1_129' title='bbox 143 1495 307 1546; x_wconf 87' lang='lat' dir='ltr'><strong>specie</strong></span> <span class='ocrx_word' id='word_1_130' title='bbox 349 1496 597 1546; x_wconf 84' lang='lat' dir='ltr'><strong>positivae</strong></span> <span class='ocrx_word' id='word_1_131' title='bbox 638 1494 914 1546; x_wconf 89' lang='lat' dir='ltr'><strong>plerumque</strong></span> <span class='ocrx_word' id='word_1_132' title='bbox 955 1494 1172 1534; x_wconf 84' lang='lat' dir='ltr'><strong>habeant</strong></span> <span class='ocrx_word' id='word_1_133' title='bbox 1212 1507 1398 1534; x_wconf 88' lang='lat' dir='ltr'><strong>sensum</strong></span> <span class='ocrx_word' id='word_1_134' title='bbox 1434 1506 1577 1544; x_wconf 85' lang='lat' dir='ltr'><strong>nega·</strong></span> 
     </span>
     <span class='ocr_line' id='line_1_23' title="bbox 142 1557 1578 1609; baseline 0.001 -13"><span class='ocrx_word' id='word_1_135' title='bbox 142 1559 312 1609; x_wconf 91' lang='lat' dir='ltr'><strong>tivum,</strong></span> <span class='ocrx_word' id='word_1_136' title='bbox 354 1557 583 1609; x_wconf 84' lang='lat' dir='ltr'><strong>adaequant</strong></span> <span class='ocrx_word' id='word_1_137' title='bbox 624 1559 870 1598; x_wconf 87' lang='lat' dir='ltr'><strong>enuntiatum</strong></span> <span class='ocrx_word' id='word_1_138' title='bbox 907 1570 949 1597; x_wconf 90' lang='lat' dir='ltr'><strong>re</strong></span> <span class='ocrx_word' id='word_1_139' title='bbox 984 1570 1079 1598; x_wconf 90' lang='lat' dir='ltr'><strong>vera</strong></span> <span class='ocrx_word' id='word_1_140' title='bbox 1114 1558 1354 1608; x_wconf 88' lang='lat' dir='ltr'><strong>negativum.</strong></span> <span class='ocrx_word' id='word_1_141' title='bbox 1412 1560 1578 1608; x_wconf 86' lang='lat' dir='ltr'><strong>itaque</strong></span> 
     </span>
     <span class='ocr_line' id='line_1_24' title="bbox 143 1624 1340 1672; baseline -0.001 -10"><span class='ocrx_word' id='word_1_142' title='bbox 143 1624 417 1662; x_wconf 87' lang='lat' dir='ltr'><strong>redduntur</strong></span> <span class='ocrx_word' id='word_1_143' title='bbox 451 1634 476 1662; x_wconf 91' lang='lat' dir='ltr'><strong>a</strong></span> <span class='ocrx_word' id='word_1_144' title='bbox 511 1625 721 1663; x_wconf 84' lang='lat' dir='ltr'><strong>iuvenco</strong></span> <span class='ocrx_word' id='word_1_145' title='bbox 757 1625 1032 1663; x_wconf 85' lang='lat' dir='ltr'><strong>enuntiatis</strong></span> <span class='ocrx_word' id='word_1_146' title='bbox 1068 1624 1340 1672; x_wconf 84' lang='lat' dir='ltr'><strong>negativis:</strong></span> 
     </span>
    </p>

    <p class='ocr_par' dir='ltr' id='par_1_14' title="bbox 143 1683 1588 1864">
     <span class='ocr_line' id='line_1_25' title="bbox 248 1683 1575 1736; baseline 0.001 -12"><span class='ocrx_word' id='word_1_147' title='bbox 248 1686 511 1736; x_wconf 85' lang='lat' dir='ltr'><strong>Interrogatio</strong></span> <span class='ocrx_word' id='word_1_148' title='bbox 547 1685 659 1725; x_wconf 87' lang='lat' dir='ltr'><strong>Mtth.</strong></span> <span class='ocrx_word' id='word_1_149' title='bbox 689 1686 765 1726; x_wconf 94' lang='lat' dir='ltr'><strong>VII</strong></span> <span class='ocrx_word' id='word_1_150' title='bbox 793 1685 817 1725; x_wconf 87' lang='grc'>9</span> <span class='ocrx_word' id='word_1_151' title='bbox 857 1684 975 1725; x_wconf 79' lang='lat' dir='ltr'><strong>«Aut</strong></span> <span class='ocrx_word' id='word_1_152' title='bbox 1006 1685 1115 1736; x_wconf 78' lang='lat' dir='ltr'><strong>quis</strong></span> <span class='ocrx_word' id='word_1_153' title='bbox 1148 1687 1217 1725; x_wconf 86' lang='lat' dir='ltr'><strong>est</strong></span> <span class='ocrx_word' id='word_1_154' title='bbox 1249 1698 1268 1725; x_wconf 88' lang='lat' dir='ltr'><strong>e</strong></span> <span class='ocrx_word' id='word_1_155' title='bbox 1302 1683 1411 1725; x_wconf 85' lang='lat' dir='ltr'><strong>vobis</strong></span> <span class='ocrx_word' id='word_1_156' title='bbox 1452 1684 1575 1734; x_wconf 83' lang='lat' dir='ltr'><strong>homo,</strong></span> 
     </span>
     <span class='ocr_line' id='line_1_26' title="bbox 143 1748 1579 1800; baseline 0 -12"><span class='ocrx_word' id='word_1_157' title='bbox 143 1761 256 1800; x_wconf 80' lang='lat' dir='ltr'><strong>quem</strong></span> <span class='ocrx_word' id='word_1_158' title='bbox 282 1748 319 1788; x_wconf 84' lang='lat' dir='ltr'><strong>si</strong></span> <span class='ocrx_word' id='word_1_159' title='bbox 337 1749 505 1799; x_wconf 83' lang='lat' dir='ltr'><strong>petierit</strong></span> <span class='ocrx_word' id='word_1_160' title='bbox 519 1748 634 1799; x_wconf 82' lang='lat' dir='ltr'><strong>filius</strong></span> <span class='ocrx_word' id='word_1_161' title='bbox 651 1761 751 1790; x_wconf 83' lang='lat' dir='ltr'><strong>suus</strong></span> <span class='ocrx_word' id='word_1_162' title='bbox 762 1761 925 1800; x_wconf 87' lang='lat' dir='ltr'><strong>panem,</strong></span> <span class='ocrx_word' id='word_1_163' title='bbox 952 1749 1191 1800; x_wconf 81' lang='lat' dir='ltr'><strong>numquid</strong></span> <span class='ocrx_word' id='word_1_164' title='bbox 1212 1748 1384 1800; x_wconf 75' lang='lat' dir='ltr'><strong>lapidem</strong></span> <span class='ocrx_word' id='word_1_165' title='bbox 1396 1748 1579 1800; x_wconf 76' lang='lat' dir='ltr'><strong>porriqet</strong></span> 
     </span>
     <span class='ocr_line' id='line_1_27' title="bbox 143 1807 1588 1864; baseline 0.001 -12"><span class='ocrx_word' id='word_1_166' title='bbox 143 1810 236 1852; x_wconf 79' lang='lat' dir='ltr'><strong>ei?&gt;›</strong></span> <span class='ocrx_word' id='word_1_167' title='bbox 268 1811 445 1852; x_wconf 90' lang='lat' dir='ltr'><strong>redditur</strong></span> <span class='ocrx_word' id='word_1_168' title='bbox 474 1826 498 1853; x_wconf 86' lang='lat' dir='ltr'><strong>a</strong></span> <span class='ocrx_word' id='word_1_169' title='bbox 525 1813 697 1853; x_wconf 87' lang='lat' dir='ltr'><strong>Iuvenco</strong></span> <span class='ocrx_word' id='word_1_170' title='bbox 726 1813 745 1852; x_wconf 96' lang='lat' dir='ltr'>I</span> <span class='ocrx_word' id='word_1_171' title='bbox 773 1812 850 1852; x_wconf 88' lang='grc'><strong>670</strong></span> <span class='ocrx_word' id='word_1_172' title='bbox 879 1814 1083 1853; x_wconf 89' lang='lat' dir='ltr'><strong>enuntiato</strong></span> <span class='ocrx_word' id='word_1_173' title='bbox 1112 1813 1318 1864; x_wconf 83' lang='lat' dir='ltr'><strong>negativo:</strong></span> <span class='ocrx_word' id='word_1_174' title='bbox 1583 1807 1588 1812; x_wconf 69' lang='grc'><strong>”</strong></span> 
     </span>
    </p>

    <p class='ocr_par' dir='ltr' id='par_1_15' title="bbox 143 1873 1580 2487">
     <span class='ocr_line' id='line_1_28' title="bbox 333 1873 1398 1929; baseline 0.001 -12"><span class='ocrx_word' id='word_1_175' title='bbox 333 1893 350 1913; x_wconf 83' lang='grc'><strong>&lt;&lt;</strong></span> <span class='ocrx_word' id='word_1_176' title='bbox 364 1876 436 1918; x_wconf 86' lang='lat' dir='ltr'><strong>Vos</strong></span> <span class='ocrx_word' id='word_1_177' title='bbox 465 1876 643 1918; x_wconf 82' lang='lat' dir='ltr'><strong>homines</strong></span> <span class='ocrx_word' id='word_1_178' title='bbox 668 1877 782 1919; x_wconf 89' lang='lat' dir='ltr'><strong>natis</strong></span> <span class='ocrx_word' id='word_1_179' title='bbox 803 1890 954 1929; x_wconf 88' lang='lat' dir='ltr'><strong>panem</strong></span> <span class='ocrx_word' id='word_1_180' title='bbox 981 1876 1238 1929; x_wconf 84' lang='lat' dir='ltr'><strong>poscentibus</strong></span> <span class='ocrx_word' id='word_1_181' title='bbox 1255 1873 1398 1918; x_wconf 62' lang='lat' dir='ltr'><strong>&gt;omnes</strong></span> 
     </span>
     <span class='ocr_line' id='line_1_29' title="bbox 356 1940 1032 1991; baseline -0.001 -10"><span class='ocrx_word' id='word_1_182' title='bbox 356 1940 463 1981; x_wconf 91' lang='lat' dir='ltr'><strong>Non</strong></span> <span class='ocrx_word' id='word_1_183' title='bbox 492 1941 664 1991; x_wconf 75' lang='lat' dir='ltr'><strong>lapidem</strong></span> <span class='ocrx_word' id='word_1_184' title='bbox 692 1941 877 1981; x_wconf 86' lang='lat' dir='ltr'><strong>dabitis</strong></span> <span class='ocrx_word' id='word_1_185' title='bbox 905 1972 914 1980; x_wconf 93' lang='lat'><strong>.</strong></span> <span class='ocrx_word' id='word_1_186' title='bbox 945 1972 953 1980; x_wconf 96' lang='lat'><strong><em>.</em></strong></span> <span class='ocrx_word' id='word_1_187' title='bbox 984 1972 992 1981; x_wconf 88' lang='lat'><em>.</em></span> <span class='ocrx_word' id='word_1_188' title='bbox 1024 1972 1032 1979; x_wconf 88' lang='lat'><strong>.</strong></span> 
     </span>
     <span class='ocr_line' id='line_1_30' title="bbox 143 2003 1580 2056; baseline 0.001 -14"><span class='ocrx_word' id='word_1_189' title='bbox 143 2004 243 2042; x_wconf 89' lang='lat' dir='ltr'><strong>Item</strong></span> <span class='ocrx_word' id='word_1_190' title='bbox 272 2003 403 2043; x_wconf 88' lang='lat' dir='ltr'><strong>reddit</strong></span> <span class='ocrx_word' id='word_1_191' title='bbox 431 2005 781 2056; x_wconf 87' lang='lat' dir='ltr'><strong>interrogationem</strong></span> <span class='ocrx_word' id='word_1_192' title='bbox 800 2004 912 2044; x_wconf 89' lang='lat' dir='ltr'><strong>Mtth.</strong></span> <span class='ocrx_word' id='word_1_193' title='bbox 933 2005 1010 2045; x_wconf 94' lang='lat' dir='ltr'><strong>VII</strong></span> <span class='ocrx_word' id='word_1_194' title='bbox 1033 2005 1080 2044; x_wconf 88' lang='lat'><strong>16</strong></span> <span class='ocrx_word' id='word_1_195' title='bbox 1109 2003 1358 2056; x_wconf 80' lang='lat' dir='ltr'><strong>Numquid</strong></span> <span class='ocrx_word' id='word_1_196' title='bbox 1383 2004 1580 2056; x_wconf 78' lang='lat' dir='ltr'><strong>colliqunt</strong></span> 
     </span>
     <span class='ocr_line' id='line_1_31' title="bbox 145 2064 1394 2120; baseline 0.001 -14"><span class='ocrx_word' id='word_1_197' title='bbox 145 2067 191 2106; x_wconf 85' lang='lat' dir='ltr'><strong>de</strong></span> <span class='ocrx_word' id='word_1_198' title='bbox 217 2064 348 2117; x_wconf 83' lang='lat' dir='ltr'><strong>spinis</strong></span> <span class='ocrx_word' id='word_1_199' title='bbox 375 2081 476 2108; x_wconf 88' lang='lat' dir='ltr'><strong>uvas</strong></span> <span class='ocrx_word' id='word_1_200' title='bbox 505 2070 580 2108; x_wconf 89' lang='lat' dir='ltr'><strong>aut</strong></span> <span class='ocrx_word' id='word_1_201' title='bbox 606 2068 653 2108; x_wconf 88' lang='lat' dir='ltr'><strong>de</strong></span> <span class='ocrx_word' id='word_1_202' title='bbox 682 2067 846 2108; x_wconf 80' lang='lat' dir='ltr'><strong>tribulis</strong></span> <span class='ocrx_word' id='word_1_203' title='bbox 872 2067 1034 2120; x_wconf 76' lang='lat' dir='ltr'><strong>ficus?»</strong></span> <span class='ocrx_word' id='word_1_204' title='bbox 1067 2069 1151 2107; x_wconf 90' lang='lat' dir='ltr'><strong>Iuv.</strong></span> <span class='ocrx_word' id='word_1_205' title='bbox 1181 2069 1199 2107; x_wconf 97' lang='grc' dir='ltr'>Ι</span> <span class='ocrx_word' id='word_1_206' title='bbox 1227 2067 1394 2119; x_wconf 83' lang='lat' dir='ltr'>697s98:</span> 
     </span>
     <span class='ocr_line' id='line_1_32' title="bbox 278 2129 1437 2182; baseline 0.001 -13"><span class='ocrx_word' id='word_1_207' title='bbox 278 2129 416 2170; x_wconf 89' lang='lat' dir='ltr'><strong>«Nam</strong></span> <span class='ocrx_word' id='word_1_208' title='bbox 443 2142 592 2182; x_wconf 81' lang='lat' dir='ltr'><strong>neque</strong></span> <span class='ocrx_word' id='word_1_209' title='bbox 620 2131 666 2171; x_wconf 89' lang='lat' dir='ltr'><strong>de</strong></span> <span class='ocrx_word' id='word_1_210' title='bbox 695 2130 861 2171; x_wconf 84' lang='lat' dir='ltr'><strong>tribulis</strong></span> <span class='ocrx_word' id='word_1_211' title='bbox 886 2130 988 2181; x_wconf 81' lang='lat' dir='ltr'><strong>ficus</strong></span> <span class='ocrx_word' id='word_1_212' title='bbox 1014 2143 1097 2171; x_wconf 87' lang='lat' dir='ltr'><strong>nec</strong></span> <span class='ocrx_word' id='word_1_213' title='bbox 1125 2130 1307 2170; x_wconf 77' lang='lat' dir='ltr'><strong>sentibus</strong></span> <span class='ocrx_word' id='word_1_214' title='bbox 1335 2143 1437 2171; x_wconf 88' lang='lat' dir='ltr'><strong>uvas</strong></span> 
     </span>
     <span class='ocr_line' id='line_1_33' title="bbox 305 2192 1206 2246; baseline 0 -13"><span class='ocrx_word' id='word_1_215' title='bbox 305 2192 544 2234; x_wconf 82' lang='lat' dir='ltr'><strong>Provenisse</strong></span> <span class='ocrx_word' id='word_1_216' title='bbox 571 2207 763 2246; x_wconf 77' lang='lat' dir='ltr'><strong>umquam</strong></span> <span class='ocrx_word' id='word_1_217' title='bbox 792 2226 800 2233; x_wconf 91' lang='lat'><strong>.</strong></span> <span class='ocrx_word' id='word_1_218' title='bbox 831 2225 839 2234; x_wconf 89' lang='lat'><strong>.</strong></span> <span class='ocrx_word' id='word_1_219' title='bbox 870 2226 878 2234; x_wconf 86' lang='lat'><strong>.</strong></span> <span class='ocrx_word' id='word_1_220' title='bbox 909 2224 918 2234; x_wconf 88' lang='lat'><strong>.</strong></span> <span class='ocrx_word' id='word_1_221' title='bbox 947 2194 1206 2235; x_wconf 75' lang='lat' dir='ltr'><strong>notastis».</strong></span> 
     </span>
     <span class='ocr_line' id='line_1_34' title="bbox 143 2256 1578 2309; baseline 0.002 -14"><span class='ocrx_word' id='word_1_222' title='bbox 143 2256 295 2296; x_wconf 90' lang='lat' dir='ltr'><strong>Eodem</strong></span> <span class='ocrx_word' id='word_1_223' title='bbox 331 2257 447 2297; x_wconf 92' lang='lat' dir='ltr'><strong>modo</strong></span> <span class='ocrx_word' id='word_1_224' title='bbox 481 2259 593 2298; x_wconf 89' lang='lat' dir='ltr'><strong>Mtth.</strong></span> <span class='ocrx_word' id='word_1_225' title='bbox 623 2259 738 2298; x_wconf 92' lang='lat' dir='ltr'><strong>XXV</strong></span> <span class='ocrx_word' id='word_1_226' title='bbox 766 2259 816 2299; x_wconf 89' lang='lat'><strong>37</strong></span> <span class='ocrx_word' id='word_1_227' title='bbox 853 2258 1069 2309; x_wconf 86' lang='lat' dir='ltr'><strong>«Domine,</strong></span> <span class='ocrx_word' id='word_1_228' title='bbox 1105 2258 1298 2309; x_wconf 77' lang='lat' dir='ltr'><strong>quando</strong></span> <span class='ocrx_word' id='word_1_229' title='bbox 1333 2260 1369 2297; x_wconf 87' lang='lat' dir='ltr'><strong>te</strong></span> <span class='ocrx_word' id='word_1_230' title='bbox 1401 2257 1578 2298; x_wconf 82' lang='lat' dir='ltr'><strong>vidimus</strong></span> 
     </span>
     <span class='ocr_line' id='line_1_35' title="bbox 144 2320 1573 2373; baseline -0.001 -12"><span class='ocrx_word' id='word_1_231' title='bbox 144 2320 384 2373; x_wconf 73' lang='lat' dir='ltr'><strong>esurientem</strong></span> <span class='ocrx_word' id='word_1_232' title='bbox 426 2323 464 2361; x_wconf 90' lang='lat' dir='ltr'><strong>et</strong></span> <span class='ocrx_word' id='word_1_233' title='bbox 496 2321 698 2373; x_wconf 73' lang='lat' dir='ltr'><strong>pavimus,</strong></span> <span class='ocrx_word' id='word_1_234' title='bbox 738 2322 940 2363; x_wconf 85' lang='lat' dir='ltr'><strong>sitientem</strong></span> <span class='ocrx_word' id='word_1_235' title='bbox 981 2325 1019 2363; x_wconf 89' lang='lat' dir='ltr'><strong>et</strong></span> <span class='ocrx_word' id='word_1_236' title='bbox 1051 2325 1192 2373; x_wconf 86' lang='lat' dir='ltr'><strong>potum</strong></span> <span class='ocrx_word' id='word_1_237' title='bbox 1234 2321 1415 2362; x_wconf 85' lang='lat' dir='ltr'><strong>dedimus</strong></span> <span class='ocrx_word' id='word_1_238' title='bbox 1450 2321 1573 2362; x_wconf 76' lang='lat' dir='ltr'><strong>tibi?»</strong></span> 
     </span>
     <span class='ocr_line' id='line_1_36' title="bbox 143 2384 1578 2436; baseline 0.003 -14"><span class='ocrx_word' id='word_1_239' title='bbox 143 2384 274 2423; x_wconf 91' lang='lat' dir='ltr'><strong>reddit</strong></span> <span class='ocrx_word' id='word_1_240' title='bbox 308 2386 390 2425; x_wconf 88' lang='lat' dir='ltr'><strong>Iuv.</strong></span> <span class='ocrx_word' id='word_1_241' title='bbox 426 2385 480 2424; x_wconf 94' lang='lat' dir='ltr'><strong>IV</strong></span> <span class='ocrx_word' id='word_1_242' title='bbox 514 2385 611 2426; x_wconf 88' lang='lat'>278:</span> <span class='ocrx_word' id='word_1_243' title='bbox 649 2385 784 2427; x_wconf 77' lang='lat' dir='ltr'><strong>«Non</strong></span> <span class='ocrx_word' id='word_1_244' title='bbox 817 2386 1002 2426; x_wconf 84' lang='lat' dir='ltr'><strong>meminit</strong></span> <span class='ocrx_word' id='word_1_245' title='bbox 1032 2388 1217 2426; x_wconf 81' lang='lat' dir='ltr'><strong>nostrum</strong></span> <span class='ocrx_word' id='word_1_246' title='bbox 1250 2385 1507 2436; x_wconf 79' lang='lat' dir='ltr'><strong>quisquam</strong></span> <span class='ocrx_word' id='word_1_247' title='bbox 1543 2389 1578 2426; x_wconf 90' lang='lat' dir='ltr'><strong>te</strong></span> 
     </span>
     <span class='ocr_line' id='line_1_37' title="bbox 143 2459 448 2487; baseline -0.003 0"><span class='ocrx_word' id='word_1_248' title='bbox 143 2459 270 2487; x_wconf 75' lang='lat' dir='ltr'><strong>msere</strong></span> <span class='ocrx_word' id='word_1_249' title='bbox 299 2479 306 2486; x_wconf 93' lang='lat'><strong>.</strong></span> <span class='ocrx_word' id='word_1_250' title='bbox 339 2479 346 2487; x_wconf 97' lang='lat'>.</span> <span class='ocrx_word' id='word_1_251' title='bbox 378 2480 385 2487; x_wconf 93' lang='lat'><strong><em>.</em></strong></span> <span class='ocrx_word' id='word_1_252' title='bbox 417 2464 448 2486; x_wconf 89' lang='lat'><strong>.»</strong></span> 
     </span>
    </p>

    <p class='ocr_par' dir='ltr' id='par_1_16' title="bbox 143 2511 1576 2687">
     <span class='ocr_line' id='line_1_38' title="bbox 250 2511 1575 2564; baseline 0.003 -14"><span class='ocrx_word' id='word_1_253' title='bbox 250 2511 299 2550; x_wconf 87' lang='lat' dir='ltr'><strong>Si</strong></span> <span class='ocrx_word' id='word_1_254' title='bbox 341 2513 758 2562; x_wconf 86' lang='lat' dir='ltr'><strong>interrogationes</strong></span> <span class='ocrx_word' id='word_1_255' title='bbox 800 2517 909 2553; x_wconf 87' lang='lat' dir='ltr'><strong>sunt</strong></span> <span class='ocrx_word' id='word_1_256' title='bbox 952 2517 1118 2564; x_wconf 84' lang='lat' dir='ltr'><strong>specie</strong></span> <span class='ocrx_word' id='word_1_257' title='bbox 1161 2516 1447 2564; x_wconf 86' lang='lat' dir='ltr'><strong>negativae,</strong></span> <span class='ocrx_word' id='word_1_258' title='bbox 1491 2517 1575 2554; x_wconf 91' lang='lat' dir='ltr'><strong>sed</strong></span> 
     </span>
     <span class='ocr_line' id='line_1_39' title="bbox 143 2577 1576 2627; baseline 0.002 -13"><span class='ocrx_word' id='word_1_259' title='bbox 143 2586 288 2615; x_wconf 85' lang='lat' dir='ltr'><strong>sensu</strong></span> <span class='ocrx_word' id='word_1_260' title='bbox 324 2578 593 2625; x_wconf 83' lang='lat' dir='ltr'><strong>positivae,</strong></span> <span class='ocrx_word' id='word_1_261' title='bbox 629 2588 654 2615; x_wconf 91' lang='lat' dir='ltr'><strong>a</strong></span> <span class='ocrx_word' id='word_1_262' title='bbox 682 2577 893 2617; x_wconf 88' lang='lat' dir='ltr'><strong>Iuvenoo</strong></span> <span class='ocrx_word' id='word_1_263' title='bbox 928 2579 1270 2627; x_wconf 86' lang='lat' dir='ltr'><strong>exprimuntur</strong></span> <span class='ocrx_word' id='word_1_264' title='bbox 1303 2580 1576 2618; x_wconf 86' lang='lat' dir='ltr'><strong>enuntiatis</strong></span> 
     </span>
     <span class='ocr_line' id='line_1_40' title="bbox 144 2640 401 2687; baseline 0.004 -9"><span class='ocrx_word' id='word_1_265' title='bbox 144 2640 401 2687; x_wconf 86' lang='lat' dir='ltr'><strong>positivis:</strong></span> 
     </span>
    </p>
   </div>
  </div>
 </body>
</html>
